1786 3352
244 401 275 467 L
295 400 308 466 t
332 398 404 467 BE
424 398 459 467 R
497 398 624 468 titt-v.
756 402 815 469 sos

81 498 188 559 obviarn
209 500 245 559 'ne
258 502 434 581 cogebantur:
462 506 491 563 δε
512 503 638 567 Romani,
667 520 819 581 quacunqoa

82 584 141 641 data
165 584 293 641 intervalla
317 584 405 650 effent,
435 583 593 643 infinuabaot
620 584 721 645 ordines
750 584 820 645 suos.

83 666 148 741 Qui,
167 666 187 723 sr
205 664 319 725 universa
338 667 394 724 acie
410 667 438 723 in
459 666 573 723 frontem
591 664 708 725 adversos
725 668 818 723 instru-

82 746 157 803 &am
167 745 321 827 phalangem
332 746 521 811 concurrissent,
542 748 612 825 quod
625 746 734 827 Pelignis
748 749 820 824 prin·

84 828 155 905 cipio
177 848 271 907 pugnae
292 827 393 888 iocanti
415 829 553 909 congreffis
570 826 687 887 adsersus
707 842 819 889 cetratos

81 911 175 973 evenit,
199 912 336 971 induiffeot
352 911 379 969 se
393 909 477 976 hastis,
505 930 554 969 nec
567 910 714 970 confertam
732 912 818 970 aciem

80 988 261 1053 sustinuissent.

124 1076 212 1133 XLII.
236 1071 360 1132 Ceteritm
391 1075 455 1132 srcut
477 1075 595 1152 peditum
616 1074 710 1151 paffim
736 1075 819 1133 cades

81 1152 184 1220 fiebant,
203 1156 251 1213 nist
265 1158 312 1231 qui
322 1156 429 1230 abjectis
440 1159 519 1213 armis
529 1156 670 1234 fugerunts
692 1157 728 1214 stc
742 1158 816 1233 equi·

80 1248 149 1293 tatus
163 1256 244 1312 prope
258 1240 356 1314 integer
367 1255 454 1313 pugna
466 1238 578 1294 exctffit.
616 1239 736 1313 Princeps
746 1236 816 1315 fogae

80 1334 125 1373 ror
138 1316 190 1392 ipse
202 1332 263 1375 erat.
281 1314 362 1391 joma
377 1318 464 1392 Pydna
475 1336 538 1373 rum
552 1317 627 1375 sacris
639 1317 682 1375 alis
694 1320 814 1393 equitum

81 1396 176 1455 Pellam
200 1399 309 1473 petebat.
343 1397 480 1455 confestim
508 1400 636 1456 Costoeus
658 1397 816 1475 sequebatur,

78 1479 289 1557 Odrysarumque
306 1481 441 1557 equitatus.
460 1494 547 1538 cettrae
566 1499 672 1559 quoque
693 1480 816 1539 Macedo·
877 1552 880 1557 Ι

79 1576 147 1617 num
164 1560 208 1617 alst
220 1562 325 1640 integris
342 1562 444 1620 abibant
461 1561 609 1621 ordinibus:
639 1562 698 1639 quia
710 1562 814 1637 interje-

80 1641 125 1697 &a
143 1643 260 1718 pediturn
280 1647 354 1708 acies,
383 1644 458 1717 cujus
479 1644 560 1701 caedes
579 1644 690 1701 vietores
703 1642 815 1707 tenebat,

78 1722 249 1781 immemores
268 1724 361 1783 fecerat
378 1724 497 1801 sequendi
519 1727 628 1803 equites.
673 1724 726 1781 Diu
749 1722 813 1797 pha-

76 1800 162 1861 laoxi
179 1806 272 1870 frome,
293 1804 307 1864 i
321 1805 445 1869 lateribus,
461 1804 494 1863 ab
506 1820 581 1885 tergo
601 1803 663 1863 raefi
675 1806 735 1863 est.-
762 1822 812 1881 po·

77 1882 182 1951 fitensi,
202 1889 292 1962 quiex
304 1887 418 1945 hostium
434 1888 553 1947 manibus
563 1887 637 1962 elapfi
651 1903 730 1948 erant,
745 1887 811 1943 iner-

48 2024 51 2031 ,
75 1982 136 2023 mes
148 1968 180 2025 sd
193 1986 264 2025 mare
278 1968 413 2047 fugientes,
440 1968 546 2045 quidam
567 1986 661 2045 aquarn
676 1967 757 2023 etiarn
770 1968 811 2023 in·

75 2046 161 2122 greffi.
181 2066 274 2105 manus
287 2052 317 2105 ad
335 2068 390 2111 eos,
409 2050 455 2124 qui
471 2050 499 2105 in
513 2047 587 2107 claffo
602 2061 683 2111 erant,
703 2048 809 2104 tenden-

76 2141 125 2190 tes,
143 2126 288 2204 suppliciter
309 2132 390 2187 vitam
403 2128 525 2187 orabant:
557 2133 586 2188 ὃῑ
606 2147 690 2205 quum
703 2110 810 2205 iisphas

74 2226 228 2267 mocorrere
241 2211 354 2287 undique
367 2210 398 2267 ab
418 2210 524 2269 mribus
536 2223 677 2273 moerent,
694 2209 725 2266 ad
738 2210 810 2269 exci-

73 2290 182 2366 piendos
199 2289 251 2349 sese
264 2293 349 2350 venire
368 2293 424 2355 rati,
447 2308 476 2350 ut
488 2308 607 2368 caperent
624 2284 710 2367 potiis
726 2287 808 2366 quim

74 2372 232 2437 occiderent,
255 2371 356 2450 longios
369 2379 396 2434 in
409 2392 515 2451 aquam,
541 2373 647 2449 quidam
663 2372 743 2428 etiam
761 2388 806 2429 na·

73 2466 168 2517 untes»
185 2464 309 2530 pwssreffi
319 2459 386 2520 sunt.
425 2458 473 2516 Sed
489 2476 574 2533 quom
589 2453 709 2511 hostiliter
722 2448 738 2509 ὲ
752 2449 807 2509 sca-

72 2532 133 2611 phir
151 2534 314 2610 merome,
337 2555 406 2599 retro
426 2540 473 2619 qui
492 2552 609 2615 poterant
628 2536 715 2591 nando
733 2550 812 2613 repe·¹

73 2628 156 2675 tentes
175 2628 277 2687 terram,
301 2627 329 2683 in
348 2624 422 2682 diam
438 2622 578 2681 foediorem
593 2618 691 2694 pestem
710 2614 808 2671 incide·

74 2693 144 2755 ΝΜ·
162 2693 290 2773 elephanti
302 2706 385 2767 mim,
403 2706 435 2763 ab
452 2701 596 2761 tenoribus
611 2697 642 2755 ad
660 2697 731 2755 littus
743 2694 806 2777 aeti.

70 2784 541 2861 umatoobrerebantelidetanue.
576 2775 807 2839 Facileconvenie·

73 2857 118 2917 bit
132 2863 270 2935 Romanis,
287 2886 422 2945 nunquam
435 2885 486 2925 una
497 2867 551 2925 acie
562 2874 665 2921 tantum
681 2858 805 2918 Mactdo·

71 2958 140 2998 num
161 2942 336 3010 interfestum.
378 2946 450 3006 Caesa
469 2949 541 3005 enim
561 2947 593 3003 ad
612 2942 703 3017 viginti
724 2939 805 2999 millia

71 3021 213 3091 hominum
230 3032 307 3093 sunt:
335 3034 365 3092 ad
385 3032 428 3105 sex
450 3030 539 3095 millia,
567 3027 613 3104 qui
632 3022 749 3098 Pydnam
769 3039 803 3077 ex

71 3104 127 3163 ²⁶5⁸
138 3114 311 3195 perfugerant.
328 3116 383 3176 sivi
399 3116 427 3173 io
446 3114 598 3192 potestatem
613 3117 801 3242 pervenerunp‘:
