1786 3352
116 158 178 222 144
341 83 664 205 inivit

107 252 207 331 -ligiont
220 246 272 309 loci
284 246 421 327 praehmte,
439 248 609 311 vostiantur.
648 254 764 315 Antenor
784 254 847 313 Pet·

108 335 147 393 sei
159 333 306 411 praefediua
324 350 410 407 quum
419 330 514 411 aliquas
527 332 581 393 alto
592 332 707 411 praeferri
719 338 847 395 onerarias

112 436 190 475 naves
203 433 235 474 ex
248 412 353 490 speculis
367 414 540 493 significatum
560 414 637 481 foret,
664 430 737 495 parte
745 417 847 477 lembo·

112 518 175 558 rum
192 494 243 575 ipse
261 493 405 572 instquenr,
433 512 504 572 parte
518 516 569 574 ‚per
582 496 706 574 Cycladas
719 498 847 578 dispolim,

110 594 282 657 praeterquam
305 578 326 633 si
342 596 402 655 quae
420 579 600 636 Macedoniam
624 595 741 656 peterent
753 601 848 643 omnes

110 677 157 720 aut
168 658 350 737 supprimebat,
367 672 413 717 aut
422 658 545 736 spoliabat
556 678 647 718 naves:
667 662 760 740 quibus
771 680 848 743 pote·

110 741 288 818 ratPopillius,
308 753 354 798 aut
364 743 491 801 Eumenis
502 760 588 805 naves,
609 743 785 805 succurrebat.-
804 746 847 807 sed

112 826 183 883 venii
198 824 278 881 nodie
290 822 358 881 binis
368 838 415 881 aut
428 824 507 881 ternis
519 822 672 901 plerumque
684 823 775 885 lembis
787 833 848 888 Ma·

111 909 224 968 cedones
235 903 361 963 fallebant.
402 906 486 963 Perid
510 905 564 964 fere
580 920 684 983 tempus
695 906 772 987 legati
788 914 848 969 Ma·

112 991 223 1051 mones
244 985 371 1065 Illyriique
391 985 468 1045 timul
487 988 615 1047 Rhodum
635 1004 768 1056 verterunt,
787 994 848 1068 qui-

110 1072 160 1131 bus
169 1072 348 1130 auctoritatem
362 1070 466 1135 addidit,
487 1090 542 1129 non
553 1069 701 1130 lemborum
714 1070 847 1131 moddad·

112 1173 206 1214 ventus
217 1154 309 1231 paffim
325 1172 370 1229 per
382 1152 506 1231 Cycladas
519 1169 595 1233 atque
614 1156 731 1233 &eum
750 1172 848 1234 vagan-
883 1161 892 1175 “

112 1239 185 1297 tium
197 1255 278 1299 mare,
298 1234 340 1293 sod
350 1236 430 1293 etiam
446 1236 602 1311 conjunctio
614 1236 668 1313 ipsa
681 1255 775 1317 regum
788 1240 849 1295 Per·
880 1272 883 1281 ·

112 1318 150 1377 sei
160 1319 309 1397 omnique,
330 1322 358 1378 δι
372 1316 444 1376 fama
455 1336 520 1376 cum
535 1336 635 1398 magno
647 1337 761 1377 numero
775 1320 848 1397 pedi·

113 1416 173 1461 tum
187 1401 358 1477 equitumque
369 1400 528 1459 venientium
544 1400 689 1461 Galbrum.
730 1405 765 1460 Et
787 1403 847 1477 jam

112 1503 197 1560 quum
214 1482 368 1540 accesfiffent
382 1481 465 1537 animi
475 1482 576 1539 Dinoni
591 1501 622 1541 ac
639 1480 782 1558 Polyarato,
800 1485 847 1562 qui

114 1564 194 1622 Persei
207 1565 318 1639 partium
331 1572 412 1625 erant,
430 1579 485 1619 non
507 1560 619 1639 benigne
637 1562 720 1620 modd
740 1564 848 1641 respon-

108 1645 173 1704 sssum
185 1644 286 1725 regibus
299 1646 345 1708 est,
363 1642 406 1701 sed
417 1642 502 1719 palam
514 1645 724 1719 pronunciatum,
742 1645 807 1703 bello
815 1648 847 1707 fi·

112 1746 177 1787 nrm
188 1728 214 1785 se
225 1728 377 1787 auctoritate
391 1725 435 1785 sua
446 1727 613 1803 imposituros
623 1724 683 1784 effe.
707 1725 794 1803 itaque
806 1729 849 1804 ip·

112 1812 251 1888 siquoque
270 1830 341 1888 reges
363 1806 615 1888 aequosadhibereut
633 1810 738 1867 animos
755 1809 787 1867 ad
801 1828 848 1887 pa·

110 1913 171 1954 cem
185 1893 369 1972 accipiendam.

154 1980 244 2036 XXX.
265 1980 326 2056 jam
340 1975 404 2033 veris
415 1973 574 2052 principium
587 1986 648 2037 erat,
668 1973 783 2049 novique
799 1970 848 2031 du·

113 2076 155 2119 ces
165 2061 192 2116 in
204 2060 365 2134 prouinciam
377 2070 506 2113 venerant.
521 2055 609 2114 consul
622 2052 740 2111 AEmiliur
755 2055 782 2108 in
789 2057 848 2113 Ma·

112 2141 258 2204 ccdoniam,
273 2139 399 2197 ottavius
413 2143 514 2195 Oreum
529 2138 561 2194 ad
573 2135 683 2199 cinisem,
703 2134 810 2195 Anicius
819 2136 847 2193 in

112 2222 255 2298 Illyricum,
277 2221 320 2277 cui
335 2217 479 2276 bellandum
492 2216 608 2275 adversus
624 2216 761 2275 Gentium.
798 2220 847 2275 Pa·

104 2316 152 2367 ¹tte
166 2302 283 2360 Pleurato
293 2319 354 2379 rege
367 2298 512 2376 illyriorum
527 2304 651 2359 &matre
663 2299 791 2376 Eurydica
800 2316 844 2376 ge-

112 2388 191 2451 nitur,
213 2381 301 2443 firmet
314 2384 387 2446 duos,
409 2379 536 2439 Platorem
550 2396 660 2459 utroque
671 2396 783 2457 parente,
796 2382 846 2437 Ca-

113 2469 260 2526 ravantium
284 2476 367 2522 matre
385 2463 476 2521 eadem
500 2478 607 2529 natum,
639 2462 738 2521 habuit.
784 2467 845 2521 Hoc

111 2563 217 2626 propter
235 2544 423 2627 ignobilitatem
448 2560 581 2622 paternam
610 2540 697 2603 minda
718 2541 846 2620 suspecto,

112 2629 240 2688 Phtorem
252 2627 365 2687 occidit:
396 2631 423 2687 dt
445 2627 511 2686 duos
530 2629 630 2687 amicos
642 2627 709 2702 ejus,
729 2627 844 2685 Etritum

111 2715 141 2769 δι
156 2712 308 2787 Epicadum,
327 2710 453 2789 impigros
468 2712 544 2775 viror,
563 2729 617 2787 quo
631 2706 709 2767 tutiiu
722 2720 847 2787 regnaret.

111 2796 191 2851 Fama
212 2792 271 2857 fuit,
297 2796 404 2851 Honuni
425 2793 602 2850 Dardanorum
623 2789 745 2865 principis
765 2789 845 2847 filiam

111 2880 219 2936 Etutam
227 2876 317 2961 ,padio
337 2875 410 2935 fratri
420 2892 485 2935 eum
500 2872 631 2937 invidiffes
657 2884 783 2952 tanquam
805 2870 846 2929 his

745 2966 845 3030 nuptus
