1786 3352
293 213 645 283 urrunnun.
760 234 814 299 ψ

83 323 223 383 imminenti
240 324 344 401 periculo
363 322 517 400 eripiendum.
545 339 608 379 cum
627 319 681 379 hoc
697 318 819 398 responso

82 404 314 489 legatosdimiflos.
694 412 697 417 ’

125 492 174 548 IV.
195 491 243 548 Per
254 486 359 547 eonem
372 486 425 545 dics
436 490 464 546 &
477 488 517 545 Μ.
525 482 659 545 Marcellus
668 504 701 543 ex
712 484 821 561 provin·

75 572 124 630 'cia
146 570 266 649 Hispania
285 568 418 633 decedens,
446 568 585 627 Marcolica
606 568 686 625 nobili
701 568 763 625 urbe
779 586 821 625 ca·

82 668 137 733 pta,
156 654 248 712 decem
263 654 353 731 pondo
365 654 419 713 auri
435 654 463 710 &
476 652 575 731 argenti
591 651 622 708 ad
637 650 771 708 summam
783 648 821 707 se-

73 734 160 795 'llertii
176 736 259 795 decies
273 736 301 793 in
317 737 433 795 aerarium
453 734 547 793 retulit.
583 732 684 791 Paullus
700 732 822 791 AEmilius

83 816 173 879 consul
185 836 270 896 quum
283 819 370 884 castra,
393 814 509 895 utsupra
525 817 628 875 dilium
643 818 689 881 est,
709 816 741 875 ad
754 816 821 875 Siras

82 916 155 959 torae
172 900 355 961 Odomanticae
374 898 485 965 haberet,
510 916 593 976 quum
614 897 694 958 literas
712 897 745 957 ab
759 916 820 978 rege

72 980 173 1055 'Perseo
194 1000 240 1061 per
259 980 384 1061 ignobiles
399 994 450 1040 tres
468 980 566 1059 legatos
582 996 704 1047 coronet,
722 984 751 1040 &
767 976 820 1059 ipse

82 1062 240 1122 illacrimlsse
258 1064 351 1121 dicitur
363 1061 425 1121 sorti
436 1060 573 1121 humana:
592 1062 663 1139 quod
679 1064 725 1141 qui
737 1061 821 1141 paullo

83 1162 152 1211 aute,
176 1164 232 1203 non
245 1157 385 1203 contentus
399 1162 481 1227 regno
500 1144 669 1210 Macedoniae,
686 1145 821 1203 Dardanos

81 1224 231 1307 Illyriosque
244 1225 422 1305 oppugnasset,
443 1227 619 1285 Bastarnarum
632 1224 762 1286 exciviffct
775 1246 822 1286 au·

81 1310 161 1391 niliaj
181 1310 203 1366 is
220 1322 281 1390 turp
297 1308 389 1367 amiss'o
408 1310 531 1375 exercitu,
557 1310 666 1367 extorris
680 1326 770 1389 regno,
792 1310 821 1367 in

72 1396 188 1471 'pnrvarn
197 1390 305 1451 insulam
317 1390 475 1469 compulfirs,
495 1390 607 1470 supplex,
629 1390 821 1473 frnireligione,

81 1494 139 1535 non
157 1470 251 1533 viribus
267 1472 325 1539 suis,
342 1489 414 1534 tutus
427 1472 497 1533 ess'et.
533 1474 582 1532 Sed
602 1475 750 1553 postquam,
771 1482 820 1533 Re·

77 1578 138 1635 gem
157 1558 244 1635 Persea
263 1556 351 1637 consuli
366 1558 454 1616 Paullo
468 1557 593 1634 salutem,
610 1556 696 1635 legit,
714 1554 821 1615 misera·

79 1642 183 1699 tionem
196 1656 307 1698 omnem
319 1638 423 1698 stultitia
437 1638 580 1718 ignorantis
593 1638 729 1699 fortunam
743 1638 819 1697 suam

73 1724 187 1781 exemit.
224 1725 316 1799 Itaque
330 1739 480 1801 quanquam
499 1722 527 1779 in
541 1721 636 1798 reliqua
651 1734 724 1799 parte
737 1719 819 1781 litora-

80 1822 142 1862 rum
164 1800 276 1861 minimi
295 1805 372 1882 regiae
387 1820 474 1880 preces
495 1808 576 1868 erint,
602 1817 692 1863 tamen
707 1802 760 1861 fine
778 1823 820 1862 re·

79 1882 176 1963 sponso
187 1904 218 1943 ac
232 1883 285 1941 fine
298 1882 375 1942 literis
389 1902 419 1942 ra
431 1882 526 1963 legatio
537 1884 639 1943 dimissa
652 1887 697 1944 est.
737 1886 820 1945 Sentit

70 1967 192 2033 ¹Perseus,
214 1967 290 2043 cujus
303 1966 420 2024 nominis
434 1964 635 2025 obliviscendum
653 1966 724 2024 violo
740 1966 818 2028 esset:

76 2052 165 2131 itaque
187 2048 270 2108 alterae
288 2046 375 2115 nterae,
404 2066 467 2107 cum
490 2049 582 2125 privati
606 2048 722 2107 nominis
741 2047 819 2107 titulo

77 2132 170 2198 miffar,
189 2136 218 2193 &
229 2131 324 2211 petiere
340 2136 366 2193 ὃ(
381 2132 558 2208 impetravere,
576 2146 606 2190 ut
621 2128 697 2209 aliqui
709 2130 741 2190 ad
753 2149 818 2190 eum

77 2217 250 2279 mitterortur,
269 2232 331 2273 nnn
351 2212 444 2293 quibus
460 2213 532 2293 loqui
548 2214 580 2272 de
596 2216 663 2273 statu
680 2217 708 2274 ὃ(
726 2214 818 2272 condi·

77 2298 151 2356 tione
169 2294 219 2354 suaa
237 2294 348 2357 fortuuae
363 2295 453 2373 pones
494 2296 564 2355 Miffi
585 2295 645 2355 sunt
663 2309 714 2354 tres
731 2294 818 2375 legati,

71 2382 108 2439 Ῥ.
126 2374 259 2442 Lentulus,
276 2380 307 2437 Α.
328 2380 476 2439 Postumius
493 2378 608 2447 Albinus,
627 2380 660 2435 Α.
680 2378 817 2443 Antonius.

71 2460 141 2520 'nihil
157 2480 188 2520 ca
205 2459 333 2541 legatione
353 2460 500 2537 pascuum
520 2462 573 2521 est:
605 2454 696 2518 Perseo
710 2461 815 2539 regium

76 2558 177 2603 nornen
188 2545 265 2601 omui
277 2542 303 2599 vi
316 2540 499 2621 amplastenter
519 2542 615 2609 Paullo,
635 2555 665 2601 ut
680 2538 705 2599 se
718 2538 814 2619 suaque

71 2626 168 2705 'omnia
179 2627 209 2683 in
221 2626 300 2685 fidem
310 2628 338 2684 δε
350 2622 518 2707 clementiam
529 2624 619 2707 populi
627 2625 744 2687 Romani
754 2643 814 2706 por·¹

77 2704 201 2774 mitteret,
222 2706 403 2767 contendente.

69 2862 73 2870 ἱ
118 2794 153 2850 V.
173 2792 247 2849 Dum
266 2790 323 2850 haec
337 2794 457 2871 aguntur,
486 2787 566 2849 clanis
580 2792 631 2849 Cn.
646 2790 751 2851 onavii
765 2789 813 2853 Sass

78 2868 241 2932 motbncnm
258 2872 419 2953 estappulla.
458 2872 486 2931 Is
502 2892 617 2951 quoque,
637 2870 752 2955 pensanti
765 2874 810 2934 ad·

77 2968 155 3015 moto
166 2969 268 3024 terrore,
287 2955 369 3016 modo
381 2954 469 3021 minis,
486 2952 571 3013 modo
582 2954 631 3032 ips
637 2952 836 3067 qunmmx}

474 3042 507 3098 ll
526 3060 548 3096 2
830 3034 853 3064 ³
