1786 3352
245 156 457 227 LIBER
483 157 608 225 XLIII.
740 177 796 223 101

71 273 153 344 erant)
171 268 247 348 legati
259 272 394 327 redierunt.
431 271 573 328 Odlavium
587 267 691 325 retinuit
705 265 803 325 secum.

72 354 210 431 Popillium
232 370 294 409 cum
316 344 487 411 milleforme
509 351 634 409 militibus
654 352 681 407 iu
701 347 806 404 hiberna

76 435 243 493 Ambraciam
258 431 338 489 mifit.
489 444 493 449 ’
721 438 724 445 ·

116 518 220 575 xvttt.
242 513 343 571 Perseus
355 513 482 591 principio
501 513 596 571 hiemis
609 512 696 592 egredi
717 514 814 570 Meto·

74 598 159 657 doniae
180 594 273 654 linibus
292 614 349 651 nou
366 592 448 659 ausus,
474 613 571 671 nequa
585 597 612 651 in
627 612 739 672 regnum
758 610 805 650 ta-

75 697 158 738 cuum
178 679 351 753 irrumperent
368 678 494 741 Romani,
517 676 565 734 sub
576 690 680 753 tempus
696 675 809 739 brumae,

75 779 160 838 quum
173 757 378 836 inexsuperabiles
389 757 423 816 ab
434 756 559 817 Theil'alia
573 775 678 815 montes
692 757 757 813 nivis
769 754 807 813 al·

75 843 162 900 titudo
175 841 248 904 facit,
267 840 428 897 occationem
440 838 490 897 effe
503 856 573 896 tatus
583 840 638 896 ltan
709 839 715 850 '
728 838 807 895 finiti·

77 940 186 982 motum
198 920 424 997 speramusque,
444 939 479 977 ne
496 919 559 997 quid
574 939 633 977 aret
643 940 662 977 o
673 918 699 977 l'e
711 920 739 975 in
749 923 807 977 Ro·

76 1020 188 1064 manum
207 1001 303 1058 bellum
321 1001 426 1077 periculi
434 1000 553 1064 subeffo,
574 1020 659 1078 quum
670 998 686 1059 d
698 999 809 1059 Thracia

78 1102 171 1162 paoem
187 1084 290 1158 Cotys,-
299 1082 332 1138 ab
345 1082 424 1157 Epiro
443 1081 570 1159 Cephalus
585 1082 717 1159 repentine
734 1080 808 1139 defe-

79 1166 170 1223 dtioire
183 1160 199 1221 l
212 1163 339 1221 Romanis
351 1165 486 1239 ptaellarm
505 1163 638 1221 Dardanos
649 1180 737 1220 recens
758 1164 810 1219 do·

82 1245 185 1305 molliet
198 1243 272 1309 bello,
292 1242 377 1302 solum
390 1244 512 1303 infestum
528 1245 578 1301 effe
597 1245 759 1305 Macedonia.
774 1242 810 1301 la·

81 1332 138 1392 tus,'
151 1317 221 1405 quod
232 1326 265 1383 ab
280 1325 382 1402 lllyrito
395 1339 499 1404 pateret,
518 1344 631 1392 cerneus,
650 1344 734 1402 neque
751 1324 811 1402 ipsis

79 1411 173 1487 quietis
185 1406 283 1485 Illyriis,
304 1412 332 1466 dt
342 1409 444 1466 aditum
454 1405 623 1484 praebentibus
634 1406 771 1473 Romanis,
790 1404 811 1464 fi

80 1489 219 1550 domuiffet
232 1491 366 1567 proximos
380 1490 534 1567 lllyriorum,
561 1490 688 1549 Gentium
706 1506 812 1567 quoque

81 1590 171 1650 regem
181 1572 237 1647 jam
248 1573 292 1629 diu
306 1570 416 1630 dubium
429 1573 456 1628 in
467 1571 613 1630 societatem
627 1572 712 1649 perlici
725 1572 813 1649 pollet

83 1673 155 1715 tum·
166 1655 257 1713 decem
278 1652 389 1711 millibus
406 1653 533 1731 peditum,
551 1672 665 1732 quorum
680 1672 737 1729 pars
748 1652 813 1731 plra-

82 1736 187 1815 langitae
208 1750 289 1798 eram,
308 1735 457 1794 &duobus
482 1734 594 1792 millibus
612 1734 709 1792 levium
730 1752 820 1791 armam

84 1830 184 1879 totum.
204 1819 232 1874 dr
249 1816 397 1894 quingentis
415 1815 545 1892 equitibus
561 1816 704 1895 profestus,
722 1814 822 1875 stubs-⁵

83 1917 142 1957 ram
156 1898 234 1954 venit.
278 1898 342 1953 Inde
363 1896 497 1954 fnrmeoto
522 1897 699 1973 complurium
712 1896 814 1954 dierum

84 1978 200 2056 sumpto,
227 1976 345 2055 julioque
359 1991 480 2054 apparatu
497 1980 729 2056 oppugnandarum
747 1977 816 2035 utbi-

86 2080 135 2120 um
147 2060 225 2138 sequi,
243 2061 320 2117 totio
330 2060 370 2117 die
381 2059 412 2117 ad
427 2057 554 2118 Usoanam
567 2060 730 2134 (Penestianae
743 2072 818 2117 terrae

86 2161 118 2201 ea
135 2142 252 2199 maxima
270 2140 329 2198 urbs
346 2139 498 2218 est).posuit
519 2142 612 2200 caſtra:
640 2142 709 2218 ptius
720 2156 823 2205 tament

87 2221 170 2300 quim
190 2222 248 2281 vim
267 2223 426 2286 admoveret,
451 2222 533 2281 milsrs
543 2226 590 2300 qui
603 2238 729 2282 tentarent
747 2241 822 2281 nune

87 2303 270 2384 praisdioeum
282 2304 397 2380 praesidii,
421 2322 493 2362 nuuc
504 2307 692 2383 oppidanorum
706 2306 820 2363 animos.

91 2400 145 2444 etat
159 2400 247 2443 autem
264 2382 379 2442 ibicum
396 2387 533 2459 juventute
552 2387 698 2463 Illyriorum
718 2390 822 2443 Rorna-

89 2486 156 2525 num
171 2465 324 2543 praesrdium.
345 2466 488 2542 Postquam
501 2468 565 2525 nihil
579 2472 661 2545 pacati
672 2466 821 2534 referebant,

90 2564 243 2630 oppugnare
256 2548 292 2605 est
306 2547 419 2609 adortus,
437 2553 465 2607 8<
477 2566 572 2607 corona
592 2570 649 2608 mm
669 2568 758 2626 capere
773 2569 822 2607 eo-

90 2646 165 2689 natus
179 2632 224 2687 est.
242 2646 328 2705 quum
341 2628 394 2684 fine
405 2629 590 2689 intermilstone
603 2632 711 2690 interdiu
725 2632 825 2690 noetua

92 2709 198 2788 epte-alii
208 2708 261 2767 aliis
273 2708 443 2776 succedentes,
462 2728 518 2786 pars
533 2711 608 2771 scalas
623 2715 714 2778 mutis,
729 2714 821 2791 ignem

93 2790 316 2869 pottisinfetreut,
337 2789 490 2850 sustinebant
510 2806 599 2877 tamen
613 2814 672 2853 eant
686 2796 823 2871 tempesta·

93 2889 149 2932 tem
160 2889 361 2954 propugnatores
373 2872 460 2932 urbis:
477 2876 537 2950 quia
545 2875 602 2956 spes
615 2892 680 2941 erat.
695 2894 779 2945 nortun
784 2877 831 2954 lug

317 2974 320 2979 ·
442 2960 475 3015 R
488 2975 507 3033 ζ
782 2956 851 2991 {RN}
