1786 3352
78 171 138 237 180
304 169 349 235 T.
379 169 410 232 L
432 166 444 229 l
469 166 498 230 V
520 166 533 231 Ι
555 166 569 232 Ι

72 277 119 355 mss
129 274 177 351 fibi
190 275 224 347 &v
236 289 290 332 tnta
300 284 378 353 cypro
392 270 428 343 ό·
442 270 540 347 Peltfio,
560 292 676 354 agroque,
697 280 742 355 qui
760 280 829 335 eir-¹

73 380 103 415 cn
122 358 271 435 Peltfiacum
289 356 374 432 ostium
391 356 446 414 Nili
462 356 526 432 effer,
546 358 659 414 cedent:
686 360 811 437 diemque

71 442 212 517 praestituit,
229 440 293 496 intra
304 455 385 515 quarn
398 436 431 494 de
442 438 631 497 conditionibus
643 442 753 519 parastis
768 460 811 501 re-

73 524 196 601 sponsum
210 522 345 596 acciperet.
826 540 829 545 ·

114 608 176 663 XII.
190 604 329 679 Postquam
343 601 396 659 dies
406 601 463 659 data
475 602 584 660 induciis
593 606 720 680 praeteriit,
732 606 750 642 0
762 622 812 663 na·

75 685 219 763 vignnribus
233 686 300 741 ostio
315 682 368 741 Nili
379 683 410 741 ad
426 682 563 749 Pelusium,
583 702 628 761 per
642 686 736 745 deserta
746 690 809 746 Ara·

76 768 125 824 hine
145 768 205 823 *ad
229 766 377 842 Memphim
397 764 550 829 incolebant,
569 770 598 825 δι
612 766 645 823 ab
660 770 750 827 oeteria
762 772 812 826 ΙΕ-

74 851 180 927 gyptlis,
196 849 291 926 partim
304 848 444 909 voluntate,
456 849 550 923 panim
561 862 644 913 metu,
656 850 688 907 ad
700 850 813 909 Alexan·

75 932 156 988 thiam
174 932 283 988 modicis
297 929 429 989 itineribus
443 928 583 989 descendit.
619 933 659 989 Ad
673 933 810 991 Lettstnem

75 1013 224 1091 transgresso
239 1014 347 1077 flumen,
366 1014 411 1089 qui
429 1011 501 1069 locus
513 1027 622 1090 quatuor
638 1012 714 1070 millia
727 1014 760 1070 ab
777 1020 811 1073 Α·

76 1097 199 1153 lexandria
219 1095 293 1159 abest,
313 1094 389 1174 iegati
409 1098 524 1152 Romani
543 1111 718 1155 occurrerunt.
744 1114 815 1173 quoe

76 1198 157 1254 quum
177 1179 339 1234 advenientes
357 1175 488 1238 salutasse.
518 1178 685 1256 dextramque
704 1178 815 1256 Popillio

76 1262 229 1339 porrigerem
250 1256 350 1316 tabelias
367 1258 391 1316 ei
412 1258 532 1334 Popillius
551 1257 675 1335 seriptum
692 1259 814 1319 tabentes

75 1344 160 1407 *radin
189 1358 266 1419 atque
285 1342 409 1399 omnium
430 1344 548 1416 primum
572 1342 597 1397 id
624 1340 706 1421 legere
731 1343 815 1417 jubet.

75 1426 169 1499 quihus
181 1424 304 1500 perlestin
326 1440 410 1498 quum
424 1420 449 1479 se
464 1422 684 1481 consideraturum
697 1424 816 1483 adhibitis

77 1507 168 1562 amicis
186 1505 248 1580 quid
262 1503 408 1560 faciendum
424 1502 469 1557 fibi
484 1504 545 1559 effet
558 1503 673 1570 dixitsen
692 1506 817 1581 Popillius

80 1606 127 1662 pro
141 1598 222 1643 cetera
236 1582 364 1659 asperitate
379 1582 470 1647 animi,
489 1583 571 1662 virga,
589 1603 670 1661 quam
686 1588 713 1643 in
730 1606 815 1647 manu

78 1667 188 1745 gerebat,
210 1664 405 1742 circumscripfit
419 1682 529 1743 regem
549 1684 589 1725 ac.
606 1668 756 1745 Priusquam
771 1669 818 1727 hoc

78 1752 166 1807 circulo
179 1750 290 1813 excedas,
302 1750 394 1826 inquit,
405 1749 475 1805 radda
484 1748 623 1826 responsum
631 1750 741 1825 Imaui,
748 1752 819 1831 quod

78 1834 194 1907 referam.
227 1830 428 1909 Obstupefa&us
438 1844 493 1887 tam
504 1829 618 1888 violento
630 1832 749 1909 imperio,
771 1854 819 1911 pa-

78 1934 186 1991 rumper
193 1932 276 1993 quum
286 1912 432 1978 haefitiffet3
443 1916 553 1976 Faciam,
564 1914 656 1991 inquit,
669 1916 822 1992 quodamset

79 2000 185 2069 (irrasus.
211 2000 285 2053 Tum
297 1998 407 2053 demum
419 1994 540 2071 Popillius
550 1996 667 2053 dextram
679 1998 744 2074 regi,
758 2012 818 2055 tans

79 2098 160 2155 quam
169 2078 324 2155 sorioatque
335 2080 430 2137 amico,
442 2078 564 2152 porrexit.
589 2077 818 2138 Diedeindefmita

80 2156 819 2237 quumexceffiffetAEgyptoAntiochua,legati,concordia

84 2245 163 2300 etiam
175 2235 327 2298 auotorita'te
337 2240 380 2296 sua
387 2241 451 2296 inter
459 2238 548 2296 hanes
558 2238 667 2307 firmata,
680 2244 745 2301 inter
750 2262 820 2321 quoa

82 2326 189 2383 vixdum
212 2336 373 2386 convenerat,
395 2340 455 2397 pars
475 2324 595 2398 Cyprum
615 2325 755 2403 navigant:
787 2334 821 2386 &-

82 2409 149 2475 inde‚
159 2426 218 2484 quae
227 2404 284 2477 jam
298 2406 392 2462 vicerat
402 2402 497 2481 proelio
508 2406 645 2484 AEtgyptias
656 2426 741 2467 naves.
755 2408 820 2465 clas-

84 2490 137 2547 sem
155 2486 274 2545 Antiochi
293 2485 437 2546 dimittunt.
456 2485 521 2545 clara
535 2508 563 2545 ea
577 2508 623 2564 per
640 2504 728 2568 gentes
747 2488 819 2569 iega-

81 2573 121 2629 tio
138 2571 197 2635 fuit,
221 2567 290 2645 quod
305 2569 370 2627 haud
388 2566 465 2627 dubie
482 2570 603 2648 adempta
619 2570 750 2629 Antiocho
770 2576 818 2630 AE·

83 2652 297 2813 {huttlthh
306 2653 820 2809 lli‘lllllhtllffi'ssl

81 2818 181 2877 alterius
194 2816 276 2875 clatus
295 2815 437 2875 consolatus
455 2818 547 2895 infigni
568 2816 684 2880 nistoria,
705 2817 741 2873 ita
755 2818 819 2876 alte·

82 2904 133 2960 rius
147 2898 253 2959 obscura
266 2900 353 2963 samaa
373 2900 434 2976 quia
444 2900 577 2957 materiam
590 2918 630 2955 res
643 2898 746 2977 gerendi
760 2918 818 2959 non

68 2985 172 3048 habuit.
211 2988 278 3069 Jam
296 2984 419 3064 primum
437 3001 502 3047 mm
513 2980 661 3064 legionibus
676 2982 710 3039 ab
726 2998 825 3035 eoma-

711 3058 847 3116 nimbum

10 3215 24 3283 l
