1786 3352
108 195 172 259 ψ
331 168 378 236 r.
417 126 617 239 urvis

17 345 25 380 ι
149 283 281 348 xxvm.
300 280 412 351 Perseus,
427 284 489 363 post
503 284 616 343 reditum
630 280 663 343 ab
675 287 794 345 Eumene
806 290 847 349 E·

104 370 224 449 ropontis
241 366 286 448 spe
303 366 436 443 dejosbus,
463 370 623 426 Antenorem
645 370 674 427 be
694 368 846 447 Callippum

105 454 243 533 praesedtos
261 449 341 511 claffis
359 468 424 509 cum
440 450 608 530 quadraginta
619 447 711 507 lembis
723 452 848 532 (adjectae

105 535 218 594 adhunc
230 551 370 593 numerum
384 533 500 611 quinque
509 534 596 612 pristes
608 535 691 607 erant)
704 534 847 594 Tenedum

109 618 207 682 mittin
233 631 264 675 ut
277 614 336 675 inde
348 612 437 693 sparsae
447 633 493 692 per
512 614 637 693 Cycladas
653 612 746 672 insulas
757 634 847 685 naves,

108 698 290 758 Macedoniam
309 716 372 757 cum
397 694 532 755 frumento
551 712 675 775 petentes,
691 710 847 762 tutarentur.

108 781 267 840 Cassandreae
277 779 394 838 dedudiae
406 797 493 855 naum,
515 779 543 836 in
555 794 644 857 porrus
657 777 775 857 primiun
798 782 847 859 qui

108 863 155 923 sub
169 863 238 923 atho
252 876 345 921 monte
360 860 427 926 sunt,
441 860 501 919 inde
512 862 649 920 Tenedum
661 861 762 940 placido
775 862 847 923 mari

109 964 199 1024 quum
214 942 378 1021 trajecissent,
404 944 497 1001 stantes
509 944 537 1000 in
550 960 629 1023 portu
642 944 757 1004 Rhodias
771 963 846 1024 aper·

105 1042 147 1087 tes
159 1046 245 1091 naves,
262 1026 464 1103 Eudamumque
475 1024 631 1103 praesedtum
643 1046 741 1092 esrum,
759 1027 846 1087 invio·

108 1108 177 1174 latas,
203 1123 281 1187 atque
297 1108 378 1166 etiam
402 1105 514 1187 benignd
534 1108 672 1187 appelatos
685 1108 847 1171 dimisetunt.

108 1191 226 1271 Cognito
239 1189 330 1248 deinde
341 1189 369 1247 in
380 1186 455 1247 latere
467 1191 547 1250 altero
559 1191 744 1272 quinquaginta
754 1210 848 1251 onua-

108 1276 157 1332 rias
170 1272 283 1335 suarum,
303 1270 425 1331 stantibus
438 1272 468 1329 in
484 1274 551 1331 ostio
561 1286 653 1351 portus
664 1274 792 1334 Esmrenis
800 1292 847 1333 ro-

110 1356 200 1421 stratis,
229 1354 322 1433 quibus
334 1355 445 1413 Damius
456 1368 569 1433 praem,
590 1354 695 1414 inclusis
709 1356 774 1422 effic
795 1356 846 1415 cir·

109 1438 256 1499 cumvediis
273 1456 383 1515 propere
399 1456 431 1496 ac
452 1434 594 1496 summotis
614 1453 709 1498 terrore
727 1438 846 1498 hostium

108 1520 225 1586 navibus,
244 1521 379 1584 onerarias,
396 1519 461 1577 datis
471 1520 517 1597 qui
528 1518 739 1598 prosequerentur
751 1520 846 1579 decem

108 1604 210 1670 lembis,
227 1604 255 1659 in
266 1602 451 1663 Macedoniam
465 1602 586 1661 mittunt:
609 1604 644 1660 ita
661 1614 692 1661 ut
706 1602 735 1659 in
753 1613 845 1661 tutum

108 1686 237 1764 prosecuti
258 1685 370 1743 redirem
388 1683 536 1743 Tenedum.
581 1686 666 1743 Nono
680 1686 740 1761 post
756 1684 798 1742 die
813 1683 845 1744 ad

109 1768 211 1827 classem
227 1768 329 1844 jamad
342 1762 450 1847 Sigdurn
472 1767 584 1825 stantem
605 1766 743 1825 redierunt.
782 1765 848 1825 Inde

110 1851 207 1911 Subota
223 1849 312 1923 (insula
327 1851 365 1908 est
379 1848 513 1924 interjedta
525 1847 592 1909 mee
604 1852 634 1908 δι
647 1846 731 1917 Atho)
747 1846 846 1925 trajici·

111 1946 169 1991 unt.
207 1929 283 1991 Fond
293 1933 395 2008 postero
406 1931 448 1989 die
456 1928 538 2008 quam
554 1928 651 1989 Subota
659 1928 738 1990 claffis
751 1930 847 2002 tenuit.

110 2014 225 2086 quinque
239 2013 381 2089 &triginta
390 2030 476 2075 naves,
497 2010 847 2094 quashippagogosvoernt,

111 2088 145 2143 eb
161 2090 222 2146 Elea
238 2090 362 2162 psofeetae
383 2109 446 2146 cum
470 2092 596 2165 equitibus
619 2094 697 2153 Gallis
713 2092 847 2173 equisque,

113 2163 211 2223 Pinnas
229 2168 442 2241 promontorium
466 2170 595 2228 Chiorum
613 2175 747 2249 petebant,
776 2178 846 2238 unde

114 2244 287 2303 transmittere
304 2247 331 2304 in
351 2248 532 2307 Macedoniam
553 2254 668 2328 possent:
703 2257 791 2318 Attalo
812 2258 845 2319 ab

112 2330 233 2387 Eumene
247 2327 423 2389 mittebantur.
462 2335 514 2391 Has
529 2350 605 2391 naves
618 2356 663 2415 per
682 2336 766 2399 altum
784 2339 846 2400 ferri

112 2427 196 2487 quum
217 2429 250 2468 ex
270 2409 370 2487 specub
389 2413 493 2494 fignum
513 2416 604 2474 datum
625 2422 750 2481 Anoenori
773 2423 845 2492 esset,

109 2493 244 2565 profeslus
257 2490 271 2551 d
285 2494 396 2561 Subotis,
417 2497 482 2555 inter
496 2496 666 2575 Erythrarum
688 2519 848 2581 promonto-

109 2575 180 2633 rium
194 2576 350 2655 Chiumque,
371 2598 423 2658 qua
436 2579 609 2639 arsiiffimum
620 2582 718 2643 fretum
739 2587 786 2653 est,
816 2589 848 2649 iis

111 2660 232 2717 occurrit.
271 2658 346 2720 Nihil
364 2658 450 2722 minbs
465 2661 565 2721 credere
575 2667 690 2742 praeiesii
708 2671 847 2737 Eumenis,

109 2735 189 2815 quim
213 2742 388 2802 Macedonum
417 2743 520 2802 classem
540 2746 569 2803 in
591 2746 634 2805 illo
653 2751 740 2827 vagari
762 2754 846 2811 mari:

106 2839 180 2878 nunc
197 2824 334 2883 Romanos
345 2825 403 2892 esse,
424 2845 495 2886 nunc
510 2828 637 2893 Attalum,
661 2846 706 2890 aut
723 2827 848 2895 remissos

106 2901 207 2982 aliquos
226 2903 260 2963 ab
280 2905 367 2968 Attalo
385 2927 418 2969 ex
431 2909 516 2970 castris
535 2913 663 2972 Romanis
681 2917 843 2993 Pergamum

745 3013 841 3071 petere.
