1786 3352
126 181 186 244 104
359 160 402 227 Τ.
436 159 466 226 L
485 160 501 225 l
524 156 555 219 V
573 160 588 225 1
609 160 647 233 lj'
679 174 687 185 '

159 272 224 328 XX.
244 270 280 327 Hi
290 268 433 347 transgrcffi
452 271 549 347 jugum
569 268 659 326 Sonrdi
675 267 783 333 montis.
809 285 832 345 pt

117 349 212 426 lllyrici
223 349 376 414 solitudines,
397 351 499 426 quande
510 350 630 407 industria
643 349 831 427 populandoMr

9 479 13 488 .
120 432 232 489 cedorm
251 433 371 494 fecerant,
400 450 433 486 ne
451 431 569 487 transitus
582 430 665 489 faciles
682 430 806 488 Dardanii
824 430 831 486 i

9 509 65 625 Κ
117 512 251 587 Illyricum
265 527 308 569 aut
321 512 500 569 Macedoniam
513 512 601 577 client,
625 513 748 571 Scodram
766 511 829 569 labor

118 593 220 670 ingenti
232 593 334 650 tandem
345 608 519 668 pervenerant.
563 593 622 652 Lissi
638 612 684 651 tex
700 593 812 653 Gentius
824 616 886 689 Q

60 674 74 709 ·'
119 690 167 731 rat.
185 693 217 730 co
231 676 304 733 acciti
316 673 399 750 legati,
421 676 540 732 mandata
556 690 724 749 exponentes,
741 674 863 757 benigr}

41 699 71 831 ν
119 755 199 812 auditi
211 753 281 813 sunt:
311 755 459 832 responsum
478 758 531 815 fine
548 754 644 815 effenu
657 752 784 820 tuler'untr
806 764 871 835 νεὶ

117 837 244 897 mutarem
258 836 364 916 fibiuon
376 829 644 913 deefflr,adbellandum
654 857 712 895 cum
719 838 881 923 Romuli„

117 914 227 974 ceterim
240 920 275 974 ad
283 919 420 976 conuallem
431 921 464 982 id,
483 920 550 997 qaod
558 920 630 983 velit,
648 921 779 997 pecuniam
792 936 853 975 ma·

118 1000 188 1056 nimi
207 999 285 1076 deesse.
334 1004 398 1057 Haec
418 1000 550 1059 Stuberam
571 998 677 1057 retulere
695 1002 761 1078 regi,
787 1014 863 1071 tune„

117 1077 233 1136 maxime
252 1079 365 1155 captivet
377 1098 410 1138 ex
424 1080 526 1157 Illyrico
541 1082 671 1140 vendenti.
697 1080 854 1157 ‚Extemplo

117 1162 196 1218 iidcm
208 1160 292 1239 legati,
313 1163 399 1219 addito
412 1162 559 1220 Glauciaex
578 1180 690 1220 numero
706 1161 856 1237 custodum

117 1245 241 1318 corporis,
260 1245 434 1306 remittuntur,
454 1244 505 1304 sme
516 1245 649 1301 mentione
663 1246 785 1321 pecuniae,
797 1261 857 1320 qne,¹

117 1342 168 1382 una
180 1323 294 1383 barbarus
306 1326 382 1399 inops
395 1324 493 1400 impelli
506 1325 537 1382 ad
552 1323 647 1403 bellum
664 1339 771 1402 poterat.
792 1328 856 1395 rin-r

27 1462 31 1485 .
116 1424 207 1480 cyram
219 1407 279 1462 inde
290 1406 425 1482 populatus
440 1404 550 1469 Perseus,
576 1408 604 1461 in
619 1409 733 1464 Penestas
745 1403 855 1465 nusum

28 1488 32 1545 l
116 1489 258 1543 exercitum
280 1487 391 1543 reducit:
418 1485 575 1561 firmatisque
593 1484 710 1551 Uscanae,
736 1492 765 1547 δι
778 1486 854 1559 circe,

29 1552 33 1617 l
116 1586 174 1623 eam
188 1586 233 1644 per
246 1568 336 1623 omnia
349 1563 447 1623 castella
458 1579 656 1643 quaerecepemt,
674 1568 800 1644 praefidiis,
820 1569 854 1629 in

30 1640 34 1698 ἶ
118 1649 299 1707 Macedoniam
309 1646 360 1706 sese
370 1648 470 1725 recipit.¹
847 1688 855 1719 r

14 1722 35 1811 ll
157 1733 235 1790 XXI.
255 1735 285 1789 L.
298 1728 406 1797 Coelius,
426 1729 522 1808 legatus
536 1732 682 1794 Romanus,
702 1744 806 1807 praeeat
814 1731 854 1797 ll·.

16 1794 36 1923 ἐς
116 1808 211 1886 lyrico:
242 1814 287 1888 qui
306 1812 408 1868 moveri
426 1830 481 1869 non
494 1810 576 1874 nusus,
593 1830 679 1889 quum
692 1809 721 1868 in
734 1812 765 1867 iis
784 1810 851 1871 locie

17 1886 36 1987 33¹
116 1911 160 1949 rex
172 1894 240 1956 elim
260 1894 317 1969 post
330 1892 521 1969 profcdlionem
536 1894 647 1951 demum
665 1894 722 1967 ejus
738 1907 854 1953 conatue

17 1992 39 2096 33
116 1976 144 2031 in
155 1975 269 2033 Penestis·
276 1975 405 2033 Uscanam
418 1976 536 2051 recipere.
554 1970 569 2031 i
583 1974 707 2051 prziidio,
725 1974 797 2051 quod
811 1973 849 2033 mi

116 2058 293 2115 Macedonum
307 2071 367 2123 erat,
386 2074 450 2113 cum
465 2055 553 2111 multis
567 2055 711 2123 vulneribus
725 2052 852 2130 repulsus,

117 2218 150 2275 M
172 2215 515 2294 Trebellium.Fregellanum
529 2235 591 2273 cum
606 2215 663 2274 satis
673 2218 752 2276 valida
764 2237 848 2278 manu

117 2136 283 2213 Lychnidum
294 2138 380 2212 copias
394 2137 501 2193 reduxit.
541 2136 603 2192 Inde
615 2138 673 2211 post
686 2137 739 2194 dies
748 2155 850 2214 paucos
863 2129 866 2135 ’

41 2138 94 2351 N
115 2298 145 2363 iu
160 2300 276 2357 Penestas
287 2297 366 2363 mint,
391 2299 422 2354 ad
440 2297 539 2355 obfides
554 2295 587 2355 ab
599 2294 639 2354 his
655 2299 765 2363 urbibus,
786 2319 847 2376 quae

115 2378 144 2437 in
160 2380 273 2449 amicitia
294 2398 357 2437 cum
381 2379 431 2436 fide
451 2378 648 2454 permanserant,
675 2382 850 2458 accipiendos.

115 2463 254 2519 Procedere
271 2462 351 2519 edam
371 2461 398 2517 in
410 2461 550 2529 ¹Parthinos
571 2462 603 2537 (ii
622 2479 729 2539 quoque
748 2460 850 2520 ohsrdet

115 2542 175 2599 dare
187 2543 345 2621 pepigerant)
359 2540 443 2617 juffit:
465 2541 497 2599 ab
512 2556 618 2617 utraque
638 2559 717 2619 gente
733 2544 786 2602 sme
803 2556 848 2601 tu-

115 2623 202 2681 multu
213 2625 289 2702 exigi.
311 2625 472 2681 Pcnessarum
484 2623 583 2681 obsides
595 2623 767 2698 Apolloniam,
786 2628 848 2681 Par·

117 2704 251 2762 thinorum
268 2705 439 2781 Dyrrachium
453 2711 527 2782 (turn
542 2703 680 2778 Epidamni
699 2707 784 2783 magis
802 2723 846 2762 oe·

116 2784 183 2843 lebre
200 2805 299 2843 nomen
321 2788 418 2844 Graecis
436 2790 500 2861 erat)
523 2784 602 2843 milia.
651 2789 701 2863 Ap.
715 2785 847 2851 Chudius,

42 2878 46 2937 j
116 2882 252 2944 acceptam
268 2868 295 2924 in
319 2864 420 2944 llyrico
439 2866 613 2948 ignominiam
631 2868 758 2948 corrigere
771 2867 846 2943 cupi·

43 2942 46 2969 ¹
790 2964 846 3015 eae,

29 3022 40 3069 l

22 3074 30 3107 Ι
