1786 3352
277 199 486 266 LIBER
517 198 628 265 XLV·
763 202 820 268 177

81 323 240 382 nomenque,
273 308 331 363 inde
354 323 439 364 morte
469 307 599 364 Alexandri
621 301 770 362 distradlum
791 297 818 353 in

81 389 165 446 multa
178 407 265 466 regna,
284 391 347 445 dum
362 391 393 446 ad
407 389 432 445 se
446 387 553 466 quisque
566 407 628 466 opes
640 385 742 461 rapiunt
754 381 819 436 lace·
840 420 844 457 .·

79 485 165 528 rantes
181 469 285 535 viribus,
302 468 316 528 ὲ
334 469 440 528 summo
458 471 571 529 culmine
589 471 701 527 fortunae
713 464 744 523 ad
760 460 820 519 ulti·

80 570 161 609 mum
175 553 254 610 finem
269 566 377 610 centum
391 553 576 633 quinquaginta
590 570 671 610 annos
682 549 759 607 stetit.

122 637 158 692 X.
186 635 310 694 Vieton'ae
328 639 459 693 Romanae
479 634 551 692 sama
569 652 654 710 quum
673 625 818 708 pervafiffet

78 714 107 771 in
122 715 217 779 Altam,
241 720 364 781 Antenor,
382 718 429 792 qui
448 735 511 774 cum
527 716 600 775 classe
617 712 765 772 lemborum
786 707 817 765 ad

71 795 176 856 Phanas
195 797 282 864 stabat,
303 798 478 856 Cassandriam
499 798 559 856 inde
571 798 680 872 trajecit.
719 796 753 851 C.
765 795 816 848 Po-

71 877 170 955 pilius,
186 881 234 957 qui
246 882 277 938 ad
285 880 382 939 Delum
394 881 511 957 praesidio
520 878 629 938 navibus
636 875 817 937 Macedoniam

77 960 224 1036 petentibus
243 978 304 1025 erat,
325 964 463 1038 postquam
480 960 631 1020 debellatum
648 961 676 1018 in
694 956 818 1017 Macedo·

72 1043 129 1106 -nie,
151 1048 179 1102 &
200 1044 307 1100 statione
327 1042 474 1101 summotos
491 1043 604 1100 hostium
624 1041 725 1099 lembos
745 1037 816 1096 audi·
873 1100 879 1111 Α

79 1123 126 1186 vit,
146 1123 255 1181 dimissas
275 1128 302 1183 ὃῐ
321 1122 375 1201 ipse
388 1125 480 1183 Atticis
494 1123 609 1187 navibus,
627 1124 658 1182 ad
671 1120 815 1197 susceptam

72 1201 235 1283 legationem
253 1205 428 1284 peragendam
446 1207 566 1285 navigare
589 1208 736 1283 AEgyptum
757 1220 815 1279 per-

77 1288 130 1363 git:
156 1303 186 1345 ut
201 1286 270 1365 prius
285 1305 416 1346 occurrere
430 1287 561 1345 Antiocho
574 1287 666 1363 posset,
684 1283 764 1363 quim
782 1282 814 1339 ad

77 1367 233 1428 Alexandriae
248 1371 350 1428 moenia
363 1369 502 1429 accederet.
539 1373 632 1450 Qum
648 1365 814 1445 praetervehe-

75 1465 163 1508 rentur
180 1452 267 1510 Asram
279 1451 365 1530 legati,
378 1456 406 1510 δι
421 1457 535 1528 Loryma
546 1446 680 1513 venissent,
693 1451 739 1526 qui
750 1465 812 1526 por·

62 1538 118 1592 'tus
135 1533 230 1612 viginti
243 1532 329 1613 paullo
342 1533 453 1612 amplius
473 1533 551 1591 millia
571 1533 603 1590 ab
617 1532 716 1591 Rhodo
736 1530 813 1594 abest,

74 1631 109 1671 ex
122 1613 227 1673 adverso
238 1616 295 1676 urbi
311 1616 357 1693 ipsr
372 1616 480 1692 positum
501 1617 628 1692 principes
644 1614 813 1674 Rhodiorum

76 1714 218 1755 oeeutrunt
228 1700 296 1775 (jam
309 1697 532 1773 enimedquoque
541 1699 656 1754 vidioriae
670 1696 741 1754 sarua
752 1714 812 1772 per·

74 1777 126 1834 lata
144 1784 213 1851 erat)
228 1790 339 1842 orantes,
354 1793 387 1836 ut
404 1777 517 1835 Rhodum
535 1779 720 1837 deueherentur.
736 1778 812 1855 perti-

77 1876 134 1915 nere
151 1862 177 1916 td
191 1861 225 1917 ad
238 1861 346 1937 famam
358 1860 519 1940 salutemque
531 1863 651 1924 civitatis,
671 1863 762 1935 noscere
775 1862 811 1931 ip·

72 1940 112 2020 (os
124 1944 216 2006 omnia,
234 1963 286 2020 que
299 1946 355 1999 alia
369 1940 449 2018 efferet,
468 1956 647 2018 agerenturque
660 1941 752 2006 Rhodi,
772 1940 808 2010 &e

74 2036 196 2100 comperta
211 2025 304 2102 perse,
322 2042 368 2080 non
385 2023 493 2096 vrdgasa
504 2021 590 2098 fama,
612 2031 719 2080 Romam
732 2023 810 2099 refer·

72 2124 109 2161 re.
148 2106 202 2163 Diu
217 2121 340 2184 negantes
351 2103 522 2182 perpulerunt,
544 2118 688 2164 utmorem
707 2107 810 2182 naviga-

72 2187 153 2243 tionis
171 2186 278 2245 bretem
303 2204 353 2264 pro
377 2185 455 2245 salute
474 2185 549 2244 sociae
571 2187 639 2244 urbis
658 2201 810 2265 paterentur.

71 2268 218 2343 ¹Postquam
226 2269 354 2327 Rhodum
361 2282 469 2327 ventum
480 2269 524 2332 est,
537 2272 563 2326 in
580 2271 735 2328 concionem
743 2288 810 2345 quo·

76 2367 128 2426 que
138 2367 183 2406 eos
198 2349 277 2407 iidem
289 2350 405 2429 precibus
418 2363 601 2427 pertraxerunt.
632 2354 763 2409 Adventus
775 2350 811 2409 le·

72 2448 199 2509 gaiorum
218 2432 289 2489 auxit
301 2428 386 2511 pntiin'
400 2434 523 2491 timorem
540 2434 645 2498 civitati,
660 2432 740 2510 quim
753 2435 811 2490 ‘mi-

74 2514 151 2573 nuit:
174 2515 265 2572 omnia
278 2515 350 2572 enim
365 2509 492 2591 Popillius,
509 2534 567 2591 quae
583 2514 675 2593 singuli
688 2516 809 2573 universi·

73 2608 125 2673 que
137 2615 170 2654 eo
185 2596 251 2653 bello
265 2593 388 2654 hostiliter
402 2596 515 2654 dixerant
530 2598 700 2675 fecerantque,
718 2600 813 2659 retulit.

77 2682 106 2735 dt
126 2679 165 2736 vit
186 2676 256 2756 asper
276 2679 383 2758 ingenio
400 2677 508 2755 augebat
525 2681 690 2738 atrocitatem
707 2700 811 2747 eorum,

75 2766 134 2835 quat
148 2760 301 2824 dicerentur,
328 2758 400 2816 vultu
420 2759 486 2816 truci
506 2764 534 2820 δι
551 2760 706 2822 accusatoria
723 2781 807 2822 voce:

74 2850 106 2925 ut
116 2834 203 2918 quum
222 2844 332 2921 propriae
343 2839 477 2899 simultatis
494 2841 560 2911 trulla
575 2845 656 2902 caussa
668 2864 732 2905 eum
747 2847 811 2902 eivi-

75 2935 128 2982 tete
148 2922 218 2991 edet,
244 2945 278 2987 ex
300 2924 375 2984 nnius
394 2921 517 2985 senatoris
535 2927 660 2989 Remum
674 2925 831 3011 scammum

68 3036 72 3043 ¹
153 3038 158 3047 ·
470 3015 500 3074 H
524 3029 543 3093 ς
752 3002 844 3079 ὒὲὶὼὶ
