1786 3352
270 143 485 212 LIBER
518 142 625 212 XLII.
779 168 819 233 33

83 254 147 318 sent,
164 269 292 330 preeunte
305 255 381 313 verba
398 256 496 331 Lepido
509 254 632 328 pontifice
645 251 772 315 maximo.
794 254 820 310 id

82 352 177 403 votum
177 335 334 414 susceptum
350 339 396 396 est.
434 341 474 396 Eo
486 354 555 394 auno
567 335 708 394 sacerdotes
724 335 820 413 publici

83 418 193 482 mortui.
212 419 372 479 1..AEmilius
391 422 473 494 Papus
486 417 617 476 decemur
627 416 769 484 [numum.
787 420 818 477 δι

82 502 123 577 Q.
133 497 236 559 Fulvius
249 498 354 559 Flaccus
364 498 492 578 pontifex.
512 499 558 577 qui
569 499 655 577 pn'ote
671 517 744 558 anno
754 499 818 558 fue·

82 570 231 642 ratmsot.
249 580 477 643 hicfuedamorte
493 582 577 659 petiit.
613 580 817 642 Exduobuafi·

79 658 204 739 iiisejus.
230 663 356 740 quitum
378 663 405 722 iu
426 663 528 740 Illyrico
540 660 692 726 militabant,
709 664 817 722 nuncia·

80 757 140 807 tum
152 743 260 804 aiterum
272 743 408 812 demisisse,
425 744 534 804 aiterum
547 743 620 824 gravi
632 748 661 804 δι
675 743 818 820 periculoso

78 824 176 884 morbo
187 827 355 907 aegmmeffe.
393 825 488 887 obruit
500 827 622 885 animum
643 825 817 885 fimulludma

77 907 229 986 metusque:
258 928 336 968 mane
356 908 458 987 iugteffi
477 906 627 967 cubiculum
647 907 711 965 servi
724 907 816 987 laqueo

78 989 267 1067 dependentem
279 991 408 1050 invenere.
453 995 513 1049 Etat
525 991 624 1066 opinio,
650 991 708 1066 post
725 988 817 1049 censu·

29 1117 37 1129 .
77 1090 138 1128 tam
155 1067 243 1128 minus
259 1086 412 1149 compotem
431 1069 503 1128 fuiffe
525 1071 578 1130 suit
605 1068 686 1149 vulgd
700 1070 814 1150 Juuonix

81 1153 193 1210 Laciniae
202 1153 268 1210 iram
279 1152 315 1211 ob
326 1152 461 1230 spoliatum
473 1150 601 1227 templum
614 1151 729 1211 alieniffe
738 1170 815 1219 men·

80 1247 136 1291 tem
154 1233 275 1292 ferebant
314 1233 444 1293 suffectus
456 1234 484 1290 in
495 1232 595 1291 AEmilii
606 1231 696 1292 locum
709 1234 817 1294 decem·

23 1326 27 1330 ’
80 1317 119 1371 vir
140 1314 307 1375 munatius
325 1316 440 1375 Messala:
471 1316 499 1372 in
520 1312 601 1373 Fulvii
621 1314 739 1393 pontifex
761 1320 815 1380 Cn.

79 1397 213 1456 Domitius
231 1396 403 1465 AEuobarbus,
430 1395 527 1478 oppidd
539 1397 682 1456 adokscens
699 1398 815 1459 sacerdos

78 1476 170 1537 hdius.
248 1527 258 1541 ,.
297 1536 301 1543 ,

118 1564 222 1621 XXIX.
243 1563 272 1622 P.
289 1563 399 1629 Liciniu
422 1565 456 1622 C.
469 1563 557 1622 Caffiu
575 1561 729 1628 consulibua,
756 1582 816 1623 nou

79 1641 140 1703 urbs
158 1641 382 1710 tautumRoma,
398 1664 460 1711 ,uec
480 1662 545 1704 terra
564 1645 643 1711 Italia,
662 1647 702 1704 sed
718 1664 813 1705 omnes

76 1745 149 1806 teges
162 1725 331 1805 civitatesque,
353 1729 449 1805 quaein
463 1732 574 1805 Europa,
594 1747 703 1805 quaeque
715 1731 742 1786 ιιι
756 1730 812 1787 Asu

74 1825 155 1874 erant,
182 1823 361 1867 converterant
380 1809 482 1866 animos
498 1809 525 1866 in
539 1829 628 1868 curam
649 1810 816 1868 Macedonici·

73 1909 108 1948 ac
129 1892 245 1957 Rumani
264 1889 331 1958 belli.
377 1896 523 1950 Eumenem
542 1906 608 1950 cum
629 1907 703 1950 vetus
717 1893 811 1949 odium

69 1970 231 2037 stimulabat,
251 1983 312 2029 tum
325 1973 471 2036 recensita,
490 1970 558 2048 qudd
577 1969 735 2048 scelereque
748 1991 810 2050 pto-

75 2072 109 2130 pe
123 2070 152 2113 ut
166 2055 274 2117 vidima
286 2055 413 2113 maanus
426 2053 532 2130 Delphis
545 2055 616 2112 effet.
658 2054 755 2113 Prusias
768 2056 811 2117 ui-

76 2135 173 2213 thyuiae
191 2155 235 2195 rex
256 2138 376 2196 statuerat
394 2135 517 2194 abstinere
529 2138 616 2199 armis,
633 2155 815 2215 eventumque

77 2217 229 2294 exspediare.
256 2238 317 2277 nam
338 2228 422 2297 oeque
439 2237 506 2313 pto
507 2221 637 2278 Romanis
656 2219 682 2277 se
702 2238 808 2298 aequum

67 2298 175 2357 -censtre
187 2299 301 2358 adversus
314 2301 433 2359 fratrem
432 2301 518 2358 uxoris
540 2320 612 2360 arma
629 2297 701 2361 ferre:
730 2307 763 2363 δι
781 2319 810 2360 a·

73 2382 127 2458 pud
141 2381 226 2439 Persea
239 2381 366 2440 videntem
380 2383 482 2440 veniam
495 2400 541 2459 per
552 2382 693 2441 sororem
685 2397 808 2463 impetra·

73 2461 152 2521 bilem
166 2465 231 2522 fore.
269 2464 410 2531 Ariarathes
425 2464 610 2541 Cappadocum
625 2484 679 2529 rex,
704 2481 811 2543 petetur-¹

72 2565 155 2624 quam
168 2545 237 2623 qudd
251 2547 380 2603 Romanis
393 2543 439 2603 suo
454 2545 562 2604 nomine
575 2547 666 2605 auxilia
680 2547 815 2625 pollicitus-

72 2641 135 2694 erat,
157 2649 190 2687 ex
201 2648 256 2707 quo
269 2629 306 2687 est
318 2627 425 2703 juudius
441 2630 553 2688 Eumeni
560 2630 692 2695 affinitate,
710 2632 807 2690 inom-

62 2713 117 2769 nia
127 2710 183 2770 belli
196 2710 314 2791 pacisque
325 2707 351 2767 se
363 2707 551 2769 consociaverat
563 2711 674 2772 consilia.
714 2714 807 2774 Antiu-

73 2793 139 2853 chus
151 2791 307 2853 imminebat
316 2793 422 2868 quidem
436 2794 546 2872 AEgypti
556 2812 651 2873 regno:
680 2799 709 2856 ιιι
722 2799 806 2874 pueri·

60 2875 224 2960 ›aiamtegia
236 2874 398 2959 &amcitiam
415 2891 533 2937 tutorum
548 2874 678 2957 spernens.
697 2883 730 2938 ὅτ.
744 2897 830 2995 QX
