1786 3352
289 325 322 393 Ι,
342 322 402 391 Ι·Β
422 322 502 391 ER
532 320 643 390 XLV.
760 343 818 410 199

83 430 258 496 Panaenum,
279 434 308 491 δι
320 434 496 493 Tecmonem,
517 426 690 506 &Phylacem
708 427 737 484 dt
751 431 818 483 Hor·

82 533 169 578 reum,
180 514 297 591 receptis,
306 509 423 589 primitur
437 512 469 569 ad
485 509 650 569 Peffironem
662 510 742 569 ducit.
763 512 818 567 An·

83 597 173 654 tinous
190 600 218 656 δι
229 594 381 655 Theodotus
392 595 517 673 principes
528 594 585 669 ejus
597 595 706 652 civitatis
726 609 820 656 etanta

84 678 196 757 indignes
209 684 238 740 &
255 677 342 738 favore
359 675 450 742 Persei,
471 681 499 736 dt
513 678 575 735 odio
585 675 701 735 adversus
716 676 821 732 Roma·

83 780 145 818 nos:
165 761 245 820 iidem
260 759 384 819 universae
393 760 466 840 genti
478 761 595 818 audieret
612 756 764 818 desciscendi
786 753 820 813 ab

82 845 222 902 Romanis.
262 845 298 903 Hi
310 841 467 903 conscicntia
479 844 584 919 privatae
596 860 680 907 noxae,
704 840 765 916 quia
778 840 819 915 ip·

81 926 114 983 fis
126 924 193 983 nulla
204 925 260 1005 spes
272 928 355 984 veniae
366 941 428 991 erat,
449 936 480 983 ut
492 926 633 983 communi
645 923 719 981 ruina
731 923 820 999 patrie

80 1008 296 1085 opprimerentur,
327 1006 468 1067 clauserunt
486 1020 588 1085 portas:
614 1005 819 1067 multitudinem,

80 1103 112 1147 ut
124 1105 240 1149 mortem
254 1091 368 1151 servituti
381 1105 565 1168 praeponerent,
583 1087 726 1148 hortantes.
759 1090 819 1145 Ne·

81 1188 131 1227 mo
154 1172 270 1230 adversus
288 1186 461 1249 praepotentes
485 1173 554 1229 viros
582 1168 677 1230 hiscere
703 1169 818 1229 audebat.

80 1251 203 1311 Tandem
222 1252 376 1314 Theodotus
393 1254 507 1333 quidam,
528 1250 620 1311 nobilis
642 1256 670 1310 3<
689 1249 742 1327 ipse
755 1252 818 1310 ado·

77 1330 184 1400 ksoens,
211 1354 297 1414 quum
316 1335 429 1411 majori
444 1336 572 1395 Romania
588 1346 677 1393 metus
689 1333 816 1393 timorem

79 1413 260 1495 &principibus
273 1418 324 1478 suis
337 1419 446 1485 vicisset,
467 1420 538 1503 Qec
549 1438 595 1476 uas
608 1417 697 1482 rabies,
721 1417 815 1495 inquit,

77 1501 171 1573 agitet,
192 1505 238 1579 qui
245 1502 352 1561 dueum
364 1500 492 1559 hominum
504 1520 572 1559 noxe
586 1500 698 1557 civitatis
711 1503 816 1575 accffo·

79 1598 137 1640 mm
149 1580 258 1659 facitis?
297 1586 416 1664 Equidem
431 1597 475 1661 pro
490 1584 577 1662 patria
589 1584 635 1661 qui
645 1582 724 1639 letum
743 1595 815 1660 oppe-

75 1661 166 1741 riffent,
181 1665 245 1744 sepe
255 1664 335 1743 fando
350 1668 453 1726 audiui:
476 1669 523 1746 qui
538 1666 649 1744 patriam
665 1679 708 1740 pra
719 1666 751 1743 se
770 1678 815 1741 pe-

76 1747 126 1803 rire
138 1766 237 1825 equum
248 1750 377 1825 censerent,
397 1748 424 1806 hi
438 1750 515 1828 primi
528 1751 625 1805 inventi
635 1748 707 1823 suna
733 1746 813 1830 Qiu

74 1829 201 1904 aperimm
216 1845 310 1907 portas,
331 1831 510 1907 &imperium
522 1831 663 1907 accipimus,
688 1832 754 1907 qued
773 1848 814 1884 or-

75 1907 112 1964 bis
125 1922 254 1969 terearum
267 1914 380 1989 accepire
420 1916 485 1970 Haec
500 1912 630 1969 dicentem
643 1913 727 1987 quum
742 1909 813 1968 mul·

75 1988 162 2047 titudo
180 1990 334 2067 sequeretur,
360 1992 488 2051 Antinous
506 1998 534 2053 δι
547 1991 700 2050 Theodotus
714 1994 742 2049 in
758 1992 811 2069 pri·

74 2087 151 2130 mam
162 2072 300 2132 stationem
313 2071 428 2131 hostium
439 2074 592 2151 irruperunt,
612 2088 690 2151 atque
699 2073 735 2131 ibi
747 2072 813 2132 offe·

73 2164 159 2210 rentes
172 2152 199 2213 se
210 2154 257 2233 ipsr
273 2151 417 2213 vulneribus
430 2155 568 2215 interfedti.
589 2155 649 2213 urbs
669 2155 754 2215 dedita
773 2157 812 2215 est

73 2235 213 2296 Romanis.
234 2236 318 2294 Simili
331 2236 471 2314 pertinacia
485 2236 592 2313 Cephaii
605 2239 727 2315 principis
741 2236 810 2295 clau-

72 2314 132 2374 sum
146 2323 323 2383 Tecmonem,
346 2317 403 2396 ipio
421 2319 566 2386 interfecto,
589 2340 635 2399 per
648 2320 809 2379 deditionem

71 2398 180 2475 recepit.
220 2403 279 2460 Nec
297 2400 406 2477 Phylace
427 2421 475 2462 nec
490 2408 621 2461 Horreum
633 2403 808 2481 oppugnatio-

72 2498 136 2540 nem
149 2478 272 2540 tulerunt.
310 2486 406 2542 Pacato
419 2486 506 2562 Epiro,
526 2484 658 2566 divisasque
673 2486 702 2543 in
723 2482 809 2541 hiber·

72 2581 107 2620 na
126 2565 207 2641 copiis
228 2582 275 2641 per
291 2578 449 2642 opportunas
469 2564 552 2632 urbes,
570 2566 692 2647 regreffus
707 2564 760 2643 ipse
779 2567 807 2626 in

71 2642 215 2723 Illyricum,
234 2647 346 2712 Scodrae,
366 2664 420 2726 quo
434 2648 548 2725 quinque
561 2648 640 2729 legari
658 2648 691 2725 ab
715 2652 806 2709 Roma

71 2740 201 2795 venerant,
227 2728 340 2789 evomtis
357 2746 389 2787 ex
408 2742 464 2789 toea
479 2731 612 2809 provincia
631 2730 806 2811 principibus,

72 2828 233 2873 conventum
242 2810 339 2871 hebuit.
379 2810 419 2870 lbi
432 2831 482 2891 pro
495 2812 611 2874 tribunali
624 2815 807 2894 pronunciavit

72 2890 105 2949 de
121 2890 244 2957 sententie
264 2892 374 2956 consilii:
397 2900 516 2956 Senatmn
529 2898 695 2980 populumque
710 2908 803 2959 Roma·

71 2991 133 3031 num
146 2978 236 3059 differis
248 2980 291 3058 effi
303 2978 388 3039 liberos
396 2976 496 3058 jubere.
522 2978 628 3059 presidia
645 3002 679 3041 ex
691 2980 802 3041 omnibus

70 3058 166 3140 opicis,
181 3051 278 3121 'aram
295 3062 332 3135 d
351 3062 449 3138 cneus
462 3063 515 3142 sese
532 3064 710 3126 termarum,
746 3072 805 3214 rap
843 3047 859 3077 ⁴

433 3148 448 3207 1
464 3166 485 3228 4
800 3160 837 3210 θ’.
