1786 3352
250 412 317 477 Ll
337 408 410 477 ΒΕ
432 408 463 477 R
504 411 613 491 XLH.
770 434 812 505 75

78 523 110 579 δι
124 518 249 598 quicquid
257 519 373 597 pretiose
384 520 474 597 preda
482 520 542 597 fuit,
550 523 581 597 acl
596 538 673 579 nares
684 521 812 584 delatum:

80 601 142 659 urbs
159 603 242 659 diruta
257 601 467 661 ifundrmentie
519 604 582 660 Inde
601 603 704 663 Thebes
717 607 814 663 dqute

80 684 225 741 mercius:
249 684 344 760 quibus
356 684 409 741 stne
427 685 568 741 certamine
584 687 703 762 receptis,
719 688 812 744 urbem

80 765 181 822 tmdidit
193 763 326 827 exsulibus.
339 768 368 823 &
381 766 426 841 qui
440 769 624 823 Romanorum
638 770 715 843 pertis
725 782 812 826 eraut:

74 845 188 907 ,ndretlie
205 845 324 903 factionis
336 845 487 909 hominurn,
506 845 689 924 fautorumque
702 850 768 926 regis
782 866 813 907 ac

81 928 255 985 Macedonum
271 925 380 987 familias
401 926 447 984 sub
461 945 556 985 corona
568 929 690 988 vendidit.
711 930 753 988 his
766 948 813 1008 ge·

79 1008 123 1066 st'u
136 1011 164 1067 in
179 1009 287 1073 Boeotia,
305 1010 336 1066 nd
353 1027 423 1067 mure
435 1027 465 1066 ac
478 1026 556 1066 neres
573 1011 655 1069 rediit.
791 1054 795 1063 .

122 1093 221 1151 LXIV.
239 1094 332 1162 Quum
346 1090 402 1147 haec
418 1092 445 1148 iu
457 1091 556 1147 Boeotia
569 1087 723 1169 gererentur,
729 1091 814 1151 Persu-

71 1190 112 1233 -ue
131 1174 163 1231 td
185 1173 325 1249 Sycurium
343 1172 433 1231 statim
456 1170 558 1229 dierum
587 1170 685 1250 aliquot
717 1173 815 1244 habuit.

80 1253 134 1313 Ubi
156 1273 241 1331 quum
262 1252 375 1318 audlfl'et,
391 1253 487 1327 raptim
504 1256 643 1310 Romanus
660 1255 728 1312 circa
739 1274 772 1313 ex
786 1275 815 1313 n·

79 1336 134 1412 gris
144 1336 288 1393 demess'um
297 1376 300 1385 .
308 1332 471 1390 frumentum
484 1332 634 1399 convehere,
654 1335 745 1392 deinde
756 1352 816 1395 ante

81 1415 126 1473 sut
144 1433 277 1493 quemque
298 1415 408 1472 tentoria
423 1412 504 1490 spicas
523 1412 629 1472 falctlrus
643 1414 815 1481 desecantem.

80 1515 137 1574 quo
160 1497 246 1572 purius
263 1495 427 1555 numentum
446 1507 545 1558 tereret,
575 1496 691 1573 ingentes
710 1516 816 1557 acervos

81 1596 127 1655 per
139 1591 195 1636 tota
214 1577 292 1636 castra
304 1579 505 1635 strumentorum
522 1576 626 1634 fecisse:
644 1591 715 1635 ratur
726 1581 816 1636 incen-

81 1660 127 1716 dio
139 1673 286 1736 opportuna
303 1659 361 1723 etse,
379 1660 448 1716 taces
461 1658 615 1734 taedamqtm
640 1663 669 1717 &
685 1658 817 1718 maleolus

73 1742 183 1818 -stuppae
196 1739 271 1798 illitos
289 1741 347 1818 pice
364 1740 444 1818 parari
458 1739 547 1813 jubet:
581 1753 657 1816 atque
676 1740 711 1798 ita
731 1741 817 1801 medin

81 1825 163 1880 nocie
179 1821 317 1899 prufestue,
346 1835 376 1881 ut
391 1822 479 1897 prima
490 1820 548 1879 luce
567 1820 697 1900 aggreffus
714 1821 818 1883 falleret.
850 1856 853 1861 ·

84 1905 275 1981 Nequicquam.
285 1903 379 1980 primae
387 1904 507 1961 stationes
520 1903 642 1979 uppreffae
655 1902 771 1961 tumultu
784 1923 816 1963 tc

83 1999 178 2045 terrore
193 1985 240 2042 suo
252 2000 349 2045 ceteros
362 1984 528 2042 exciverunt:
555 1985 711 2061 signumque
723 1985 816 2042 datum

81 2068 120 2124 est
133 2084 206 2124 nrmn
220 2066 352 2143 extemplo
367 2065 481 2142 capiendi
493 2087 502 2130 ς
520 2064 645 2141 fimulque
658 2066 685 2120 in
697 2064 772 2131 vallo,
785 2066 818 2125 ad

82 2163 178 2226 portas,
200 2146 274 2207 miles
290 2147 428 2204 instructus
446 2159 508 2210 eret,
533 2150 562 2205 &
583 2146 698 2203 intentus
721 2166 819 2224 propu-

84 2229 203 2309 gnatiuni
215 2229 367 2286 castrorum.
385 2225 488 2283 Perseus
504 2230 532 2285 δι
544 2226 676 2302 extemplo
690 2228 818 2285 circume-

82 2313 125 2389 git
136 2311 230 2375 aciem,
255 2314 285 2371 δι
299 2310 384 2387 prima
399 2308 584 2384 impedimenta
603 2309 648 2372 ite,
672 2307 762 2365 deinde
773 2328 819 2386 pe-

85 2393 170 2451 ditum
185 2392 256 2472 figur
269 2391 329 2449 ferri
343 2390 423 2466 juffit.
450 2388 502 2466 ipse
517 2408 580 2448 cum
595 2390 709 2467 equitntu
730 2394 758 2450 &
771 2391 821 2449 leti

86 2486 217 2532 armatura
232 2472 339 2533 substitit
353 2473 383 2530 nd
395 2489 491 2550 agmen
506 2472 676 2550 cogendum
694 2484 772 2536 tatus,
793 2473 820 2530 id

87 2554 159 2632 quod
172 2555 272 2617 eccidit,
293 2554 450 2614 insecuturus
463 2553 494 2612 acl
506 2568 624 2611 extrema
636 2552 668 2610 ab
678 2566 754 2631 tergo
766 2573 822 2611 mr·

87 2636 170 2715 penda
193 2633 286 2693 hoster.
337 2639 413 2692 Breve
440 2651 572 2693 certamen
600 2634 662 2692 levis
688 2651 825 2693 armaturae

88 2713 207 2777 maxime
220 2735 282 2777 cum
297 2715 511 2792 procursatoribus
523 2717 582 2775 fuit.
606 2719 705 2793 equites
714 2715 823 2793 pedites-

87 2818 141 2878 que
160 2799 214 2857 fine
231 2797 393 2855 tumultuin
415 2798 495 2855 cestra
517 2798 654 2856 redierunt.
695 2797 824 2855 Demeffie

91 2883 160 2940 circa
171 2878 305 2959 segetibus,
324 2878 441 2935 Romani
452 2877 483 2933 nd
496 2878 676 2936 Crannonium
692 2879 824 2937 interilum

88 2980 185 3040 ugrum
199 2963 277 3021 cnllre
291 2974 407 3019 movent.
447 2957 488 3016 Ibi
506 2976 590 3034 quum
604 2958 694 3023 securi,
718 2965 747 3020 ac
763 2978 825 3039 pro.

92 3057 151 3120 pter
163 3045 305 3101 minorum
318 3040 544 3120 longinquitatem,
552 3044 581 3098 δι
590 3040 639 3098 riae
652 3041 737 3118 inopis
749 3060 824 3118 nqua-

91 3143 154 3184 tum
173 3122 361 3191 difficultatem,
388 3121 531 3262 quaeninqer
543 3123 680 3199 Sycurium
698 3128 726 3183 &
745 3126 855 3242 αξξ-Ὦ
