1786 3352
251 155 462 226 LIBER
491 153 615 222 XLIV.
752 178 807 222 rai

70 269 171 348 spositir
184 267 273 327 omnis
289 267 389 347 generis
407 266 553 328 tormentit,
579 281 636 320 non
654 263 712 341 vagi
731 260 812 320 niodb

73 356 142 412 circa
168 369 260 411 muros
282 366 379 409 temere
401 349 644 425 appropinquantes,
672 345 814 404 sedetiam

73 436 164 513 quiin
182 433 290 492 navibus
306 444 388 496 erant,
409 431 472 489 saxis
485 442 621 487 tormento
635 425 816 492 emicantibus,

73 515 289 596 percutiebantur.
307 514 447 571 Revocatis
458 512 535 591 igitur
549 512 577 571 in
590 528 669 571 naves
683 508 817 573 militibus,

35 606 44 624 ⁸
73 598 217 675 omiffique
236 594 419 657 Thessalonicae
430 595 635 673 oppugnatione,
656 593 762 651 AEuiam
775 590 816 649 in·

74 680 109 739 de
121 694 223 758 petunt.
241 677 391 756 quindecim
405 675 484 735 miliia
493 674 611 751 passuum
624 692 654 732 er
667 674 727 731 urbs
739 672 818 739 abest,

76 759 194 837 adversus
210 762 327 838 Pydnam
342 759 433 838 pofita,
463 756 538 817 fertili
554 776 627 837 agro.
668 756 819 816 Perrastatis

75 842 172 904 finibus
190 844 257 919 ejus,
277 841 389 921 legentes
404 858 488 905 oram,
510 840 685 919 Antigoneam
699 838 820 915 perveni-

72 938 135 1003 unt.
155 925 191 982 ibi
203 924 292 1004 egressi
304 924 334 980 in
347 939 441 982 terrani
455 919 542 999 primb
556 925 583 980 δι
597 920 729 979 rastiruut
743 938 820 1001 agros

76 1007 180 1088 passim,
196 1012 225 1065 &
240 1004 398 1082 aliquantum
409 1001 670 1081 piaedaeeoiruerunt
683 1002 715 1059 ad
726 1021 819 1063 naves:

78 1090 139 1147 dein
154 1086 252 1164 palatos
275 1105 321 1143 eos
340 1086 422 1143 adorti
442 1084 605 1148 Macedones,
632 1084 709 1143 mixti
724 1084 821 1160 peditm

76 1169 236 1247 equitesque,
249 1160 464 1246 fugienteseffusb
472 1165 502 1223 ad
514 1184 585 1223 mare
597 1163 729 1243 persecuti,
743 1166 821 1243 quin·

80 1264 176 1331 gentos
191 1249 275 1307 ferme
289 1249 448 1314 occiderunt,
468 1252 496 1307 δι
511 1266 567 1306 non
583 1248 670 1307 minui
689 1262 822 1325 ceperunt.

79 1337 142 1393 Nec
162 1330 228 1391 aliud
245 1327 325 1409 quim
338 1330 431 1391 ultima
446 1329 586 1395 necessitas,
608 1348 692 1407 quum
711 1330 823 1407 recipere

78 1413 107 1473 se
124 1412 183 1475 tntb
208 1413 239 1472 ad
259 1432 336 1471 naves
354 1412 556 1491 prohiberentur,
586 1412 689 1469 animos
706 1412 821 1470 rnilitum

76 1500 276 1573 Romanum,
294 1495 372 1554 simul
383 1494 557 1573 desperatione
570 1493 616 1552 alia
630 1494 722 1561 sumis,
744 1493 821 1553 simul

77 1580 231 1659 indignitate
243 1578 359 1636 irritavit.
400 1578 583 1657 Redintegrata
594 1579 621 1634 in
633 1576 720 1637 littore
731 1595 821 1657 pugna

81 1662 127 1720 est.
145 1660 265 1737 adjuvem
287 1664 315 1719 bt
335 1661 420 1737 quiin
435 1659 540 1717 navibus
557 1674 637 1719 erant.
678 1660 718 1717 Ibi
732 1662 821 1719 Mace·

80 1742 186 1817 donum
199 1742 304 1799 ducenti
320 1740 404 1799 ferme
417 1744 494 1799 caesi:
516 1760 561 1817 par
583 1760 706 1799 numerus
723 1748 820 1818 captu‘r.

78 1824 126 1899 Ab
143 1825 290 1901 Antigonea
305 1819 385 1879 classis
399 1824 517 1899 proieeia
533 1823 563 1881 ad
583 1843 676 1901 agrum
690 1822 821 1882 Pallenen·

82 1903 149 1971 sem,
167 1903 357 1962 ascensionem
369 1904 401 1961 ad
412 1904 591 1981 populandum
602 1907 673 1962 fecit.
714 1905 819 1963 Finium

83 1988 106 2044 is
127 2005 188 2065 ager
208 1984 427 2043 Cassandrensium
453 1999 515 2049 erat,
546 1984 625 2064 longe
654 1984 820 2046 fertilissimus

78 2070 173 2137 omnia
186 2087 239 2125 orae
252 2086 332 2144 quarn
345 2068 505 2143 praetervedii
520 2065 628 2127 fuerant.
667 2067 706 2125 lbi
722 2072 819 2129 Eume·

76 2170 132 2229 mee
142 2169 195 2227 ieie,
203 2150 294 2227 viginti
306 2149 381 2207 tediis
393 2149 499 2207 naribus
511 2147 542 2206 ab
552 2150 611 2207 Elea
619 2150 760 2227 proiedius,
772 2153 819 2209 ob·

85 2234 144 2292 rius
152 2233 211 2289 suit:
221 2232 362 2308 &quinque
370 2228 475 2291 missaeb
484 2230 568 2288 Prusia
575 2251 636 2313 reg:
647 2233 819 2296 remaneres.

125 2315 177 2372 xi.
197 2317 255 2371 Hac
276 2313 370 2370 ririuni
388 2312 529 2371 accessione
541 2314 645 2372 animur
659 2314 738 2375 crevit
754 2335 820 2391 prie-

83 2396 147 2459 rori,
165 2407 196 2451 ut
213 2390 391 2451 Cassandream
406 2411 575 2475 oppugnaret.
622 2396 735 2455 Condita
751 2399 788 2454 est
805 2394 822 2458 b

85 2476 225 2536 Cassandro
242 2492 301 2554 rege
321 2474 349 2530 in
363 2476 421 2553 ipsis
431 2472 556 2537 saucibus.
575 2496 634 2554 quae
650 2477 819 2536 Pallenensem

84 2577 181 2639 agrum
194 2570 283 2616 ceterae
297 2558 455 2639 Macedoniae
466 2559 598 2638 jungunt,
616 2558 677 2617 binc
691 2564 820 2619 Toronai-

85 2659 130 2706 eo,
150 2640 213 2697 hinc
232 2637 403 2696 Macedonico
420 2638 489 2717 septa
507 2642 580 2697 maii.
620 2642 727 2701 Eminet
743 2661 821 2701 nam-

85 2740 140 2799 que
151 2722 179 2778 in
199 2718 282 2779 Arum
297 2719 394 2799 lingua,
413 2722 442 2779 in
461 2740 511 2799 qua
531 2723 576 2780 fita
588 2724 645 2781 est:
667 2742 715 2783 nee
734 2724 822 2783 miritis

182 2802 210 2858 iu
228 2801 312 2861 altum
333 2802 510 2883 magnitudine
526 2802 596 2883 Atho
608 2823 687 2863 mons
704 2811 823 2867 excurrit.

86 2820 168 2945 :bret
208 2882 236 2941 in
255 2885 390 2966 regionem
410 2885 548 2967 Magnesiae
564 2886 663 2947 duobus
683 2888 824 2969 imparibus

129 2970 207 3026 von.
224 2968 272 3028 Vl,
493 2970 512 3027 F
771 2984 845 3033 qm·
