1786 3352
264 169 614 241 LIBERXhV.
746 191 804 257 173

71 284 96 342 ie
110 281 184 341 malle
199 281 268 337 mori
278 277 359 357 qulm
373 278 450 344 ferro,
468 280 581 346 dixiffet,
603 275 704 337 occulte
714 278 807 358 fugam

71 367 183 442 parabat.
200 364 273 440 quod
292 381 376 439 quum
392 363 573 419 renunciatum
590 361 645 439 regi
663 360 732 425 ellet,
752 380 809 418 me·

73 464 158 511 tuens,
178 463 210 502 ne
223 459 347 521 tanquam
366 464 381 499 a
401 442 426 499 se
443 440 573 502 submoto
584 461 673 520 poenae
684 460 730 499 reo
742 444 811 501 iram

74 528 275 588 Samothracum
284 523 348 582 inse
360 539 527 590 converteret,
540 526 649 583 interfici
660 516 813 584 Euandrum

75 610 157 688 juffit.
194 612 254 685 Qra
268 623 408 686 perpetrata
416 624 515 666 temere
528 607 605 669 crede,
622 606 699 665 subiit
711 620 813 664 extem·

75 692 120 770 plo
133 692 263 753 animum,
285 690 313 746 in
325 688 350 746 se
359 690 489 747 nimirum
499 703 629 766 receptam
642 689 736 754 labem,
753 708 839 767 quaer

76 774 189 835 Euandri
202 772 303 832 fuiiiet:
322 770 355 828 ab
365 770 410 828 illo
424 769 530 847 Delphis
541 771 703 829 vulneratum
716 776 814 831 Eume·

52 875 153 936 =nem,
179 854 252 912 ahse
271 854 445 911 Samothracae
461 853 611 912 Euandrum
631 852 757 912 occisum
779 856 818 912 ita

80 941 134 997 duo
154 935 336 996 sandlilsrma
329 951 357 989 tn
376 935 449 992 tetris
471 934 570 1012 templa
590 934 616 992 se
634 953 690 993 uno
712 936 818 995 austere

80 1014 334 1098 finguinehumano
347 1016 447 1074 violata.
486 1016 619 1091 Hujuerei
631 1019 740 1082 crimen,
759 1036 818 1077 cor·

81 1120 131 1177 rup
131 1115 162 1157 to
181 1099 290 1176 pecunia
309 1095 443 1162 Theonda,
464 1097 594 1163 avertitur,
612 1113 642 1156 ut
659 1101 819 1158 renunciaret

83 1120 192 1286 poppulo,
203 1179 354 1239 Euandrum
366 1179 411 1236 fibi
422 1175 508 1256 ipsum
516 1196 631 1238 mortem
645 1176 802 1241 corffcivill'e.

128 1265 176 1322 v1.
194 1259 319 1320 Ceterimr
331 1276 406 1319 tanto
417 1259 546 1317 facinore
537 1281 565 1319 rn
578 1262 687 1319 unicum
698 1260 820 1322 relietum

86 1346 214 1410 enricum,
234 1342 339 1420 abipso
358 1362 404 1422 per
423 1358 465 1400 tot
481 1341 553 1401 casus
572 1360 718 1421 expertum,
735 1346 823 1424 prodi·

86 1444 198 1504 tumque
211 1427 272 1505 quia
286 1445 341 1484 non
358 1425 510 1503 prodiderat,
528 1426 652 1484 omnium
673 1425 705 1484 ab
723 1424 749 1484 se
765 1427 824 1485 aba·

88 1510 192 1570 limavit
207 1510 320 1568 animos.
359 1512 410 1566 Pro
430 1507 454 1565 se
472 1505 578 1586 quisque
593 1508 697 1567 transtro
716 1509 748 1567 ad
767 1514 824 1569 Ro·

90 1610 204 1651 manos:
228 1591 350 1670 fugaque
372 1589 508 1648 consilium
528 1610 617 1668 capere
638 1589 724 1648 solum
744 1608 826 1669 prope

89 1674 208 1735 relidlum
223 1679 377 1751 co'e'gerunt:
397 1673 597 1750 Oroandemque
609 1673 767 1736 Cretensem,
784 1672 827 1731 cui

90 1769 155 1814 nota
171 1754 291 1815 Thraciae
310 1772 355 1810 ora
378 1767 441 1816 erat,
456 1755 518 1829 quia
531 1768 685 1812 mercaturas
699 1756 727 1812 in
742 1774 771 1812 ea
788 1772 828 1812 re·

92 1838 172 1916 gione
191 1835 294 1898 iecerat,
311 1832 427 1910 appellat,
445 1849 476 1891 ut
487 1833 515 1892 se
528 1834 655 1894 sublatum
669 1837 697 1893 in
710 1836 829 1930 lembum

93 1919 127 1977 ad
147 1919 249 1993 Cotym
271 1916 413 1973 deveheret.
451 1918 618 1974 Demetrium
637 1919 674 1974 est
696 1919 830 1994 portusin

93 1998 279 2079 promontorio
291 1997 407 2074 quodam
421 1996 604 2062 Samothracaer
624 1996 660 2055 ibi
669 1997 831 2058 lembussta·

96 2082 148 2140 bat.
190 2078 242 2138 Sub
255 2077 379 2138 occasum
392 2077 451 2135 solis
464 2078 620 2144 deseruntur,
640 2082 741 2156 quaead
754 2080 832 2138 usum

95 2162 229 2222 necessaria
243 2178 330 2221 erant:
351 2159 462 2220 defertur
479 2165 506 2220 &
521 2163 637 2237 pecunia,
657 2178 752 2240 quanta
766 2162 835 2222 clam

97 2245 190 2303 delmi
205 2257 315 2321 poterat.
353 2244 412 2302 Rex
428 2241 480 2318 ipse
491 2245 572 2301 nodie
591 2244 682 2308 media,
705 2264 768 2303 cum
787 2246 846 2301 rri-

98 2325 147 2385 bus
161 2322 296 2383 consciiri
282 2325 360 2404 i,ugae
378 2343 423 2400 per
435 2325 564 2402 posticum
580 2327 675 2384 aedium
689 2327 717 2383 in
728 2328 837 2423 propin·

99 2425 186 2485 quum
206 2404 325 2463 cubiculo
338 2405 456 2471 hortum,
476 2423 562 2485 atque
571 2408 629 2464 inde
647 2411 786 2467 maceriam
801 2428 837 2466 a·

100 2508 147 2569 gre
162 2486 334 2566 transgressus,
353 2488 385 2545 ad
398 2508 470 2546 mare
482 2491 607 2567 pervenit.
639 2490 788 2549 Oroandes
780 2508 839 2564 Jam

101 2588 173 2635 tum,
190 2568 256 2627 dum
273 2570 380 2647 pecunia
392 2568 539 2637 deferretur,
556 2572 647 2648 primis
663 2573 771 2630 tenebris
790 2570 840 2629 sol-

102 2668 175 2711 verat
188 2669 293 2715 navem,
311 2670 343 2709 ac
356 2668 399 2744 per
410 2651 493 2709 altum
506 2655 612 2711 Cretam
625 2655 735 2730 petebat
767 2655 841 2711 Poll-

104 2752 187 2811 quam
201 2735 228 2790 in
239 2745 319 2811 portu
333 2734 406 2789 navis
420 2751 474 2790 non
488 2736 592 2792 inventa
601 2738 646 2800 est,
662 2753 768 2815 vagatus
783 2740 842 2792 Pct-

107 2814 164 2873 seur
178 2814 334 2891 aliquamdiu
350 2815 377 2869 in
394 2812 488 2880 littore,
505 2814 635 2890 postremo
649 2818 744 2877 timens
757 2818 843 2874 lucem

108 2896 166 2975 jam
179 2898 439 2975 appropinquantem,
449 2897 481 2959 in
492 2897 633 2973 hospitium
644 2901 724 2960 redire
734 2918 788 2961 non
800 2915 844 2954 au·
