1786 3352
98 167 155 254 <98
311 164 589 234 nir-ivit

86 279 139 354 jus,
166 276 420 356 mageredeerre
440 271 494 331 stne
511 270 709 351 rogationeulln
727 272 827 351 perlata

87 362 178 438 ponet.
196 378 258 419 nam
274 360 309 415 ita
322 373 366 433 per
378 368 420 411 tot
433 373 516 415 arnor
532 354 561 413 in
582 356 696 415 amicitia
713 355 826 427 noant,

88 457 119 501 ut
132 442 216 501 sociali
230 438 327 497 foedenu
336 432 365 493 ·se
377 456 442 495 curn
460 438 590 497 Romania
609 458 665 497 non
679 439 823 520 illigarunt:

84 524 122 582 nb
136 522 231 581 nullm
243 518 318 578 aliam
332 520 454 585 cunisam,
480 519 562 598 quim
582 539 617 577 ne
630 520 703 599 spem
717 523 825 603 regibus

83 604 256 663 abscinderent
269 599 355 659 auxilii
370 602 417 666 sui,
437 604 512 662 ficui
524 623 592 682 opus
608 604 678 670 effer,
704 621 756 662 neu
774 605 825 662 fibi

83 687 141 763 ipsis
154 683 255 742 fruitus
265 703 297 742 ex
312 684 469 762 benignitate
487 690 517 743 ὃῑ
530 686 635 741 rortrma
648 703 742 742 eorum
761 703 826 762 per·

80 768 200 844 cipiendi.
237 772 315 827 Tunc
333 771 423 844 utique
437 763 658 843 petendasocietae
670 765 823 837 videbntun

81 867 138 907 nou
149 866 208 927 quae
217 850 326 907 tutiores
335 865 382 906 eos
392 848 425 909 ab
437 847 493 907 aliis
507 848 610 915 faceret,
628 849 689 921 (nee
702 850 776 908 enim
785 851 823 909 ti-

79 931 192 992 mebant
202 949 366 1011 quemquam
379 943 471 1008 praeter
486 933 637 1006 Romanos)
647 930 689 989 sed
705 949 765 1009 quur
778 933 825 1010 ip·

81 1014 116 1071 fir
130 1017 260 1073 Romanis
272 1011 362 1072 minus
370 1011 510 1093 suspeetos.
530 1014 584 1073 Sub
596 1016 666 1072 idern
680 1012 732 1070 fere
746 1027 820 1074 tem·

77 1112 129 1172 pus
143 1102 173 1157 δι
184 1099 279 1157 Caunii
291 1096 418 1157 descivere
426 1096 460 1155 ab
474 1094 529 1163 him
551 1101 580 1158 &
594 1095 757 1173 Myhrnnser
763 1100 822 1156 Eu*

77 1181 242 1239 romerium
260 1180 357 1258 oppida
376 1179 547 1256 occupirunt.
596 1180 662 1237 Non
682 1179 717 1239 ita
739 1176 823 1239 staffi-

78 1263 163 1319 animi
175 1262 283 1321 civitatis
294 1275 373 1327 erant,
391 1276 423 1321 ut
438 1279 493 1319 non
503 1258 633 1327 sentirent,
649 1260 670 1319 sr
691 1263 773 1340 Lycia
786 1264 817 1321 δι

79 1346 156 1404 Caria
173 1345 302 1426 ademptae
319 1344 353 1404 ab
364 1345 495 1404 Romania
510 1343 604 1410 forent,
622 1357 704 1403 cetera
724 1355 770 1402 aut
789 1342 821 1402 so

77 1425 131 1503 ipsa
143 1446 189 1506 per
204 1425 538 1491 defectionemrlibemeno
555 1440 603 1485 aut
612 1423 627 1485 i
635 1426 756 1485 finitimis
768 1442 817 1486 oc-

77 1523 241 1585 cuparentur,
258 1507 353 1567 includi
365 1507 390 1565 se
403 1506 591 1583 iniirlrepururo¹
610 1512 640 1567 So
653 1508 741 1568 sterilis
759 1508 816 1588 agri

75 1588 212 1668 iittoribus,
232 1605 291 1666 quar
304 1604 469 1667 nequaquam
483 1587 547 1646 alere
560 1602 639 1649 tantoe
648 1588 719 1645 urbis
730 1608 817 1666 popu·

76 1670 135 1729 ium
149 1669 241 1750 poii'et.
260 1669 336 1728 miffa
350 1672 430 1749 igitur
440 1670 576 1746 juventute
588 1675 734 1747 propere&
742 1673 816 1727 Cau-

75 1756 145 1820 nios,
168 1771 319 1832 quanquam
337 1754 521 1831 Cibyratarum
538 1750 694 1813 adsciverant
713 1751 816 1821 auxilia,

76 1849 221 1914 coegerunt
231 1838 343 1914 imperio
354 1854 441 1913 parere
446 1858 456 1903 ς
485 1839 515 1895 δι
531 1833 691 1913 Mylassenses
704 1833 816 1895 Athm-

75 1917 215 1995 denosque,
236 1920 291 1996 qui,
312 1917 514 1978 Euromensium
533 1919 666 1994 provincia
683 1917 819 1994 adempta,-

75 2001 108 2060 nd
122 1998 190 2078 ipsos
201 2002 349 2076 conjun&n
356 2001 470 2061 exercitu
482 2014 617 2068 venerum,
633 2002 701 2059 circa
711 1999 813 2061 Orthe·

74 2083 140 2142 fram
155 2083 209 2140 acie
221 2085 348 2142 vicerunt.

116 2167 221 2223 xxvi.
243 2169 320 2222 Dum
340 2162 400 2223 haec
414 2163 460 2228 ibi,
477 2162 524 2222 alin
537 2165 566 2222 in
581 2164 743 2230 Macedonia,
764 2164 813 2226 alia

74 2245 175 2305 Romae
180 2258 317 2323 gerunturr
336 2245 440 2304 interim
454 2247 481 2321 in
489 2242 592 2323 Illyrico
604 2251 636 2306 L.
643 2247 757 2312 Anicius,
770 2266 811 2304 re-

75 2346 111 2408 ge
129 2327 237 2391 Gentio,
259 2326 326 2386 sicut
345 2327 526 2387 antedictum
546 2330 592 2393 est,
610 2330 639 2387 in
653 2332 809 2407 potestatem

75 2410 189 2475 mano,
200 2408 309 2474 Scodrae,
324 2427 383 2487 quae
394 2410 465 2489 regia
479 2408 571 2476 fuerat,
591 2412 708 2488 praefidio
719 2412 808 2488 impo-

72 2492 126 2550 fito
137 2491 280 2551 Gabinium
294 2495 417 2570 praefecit,
438 2491 554 2552 Rhizoni
566 2498 594 2554 ὃῑ
617 2492 722 2553 Olzinio
739 2490 809 2550 urbi·

72 2573 123 2631 bus
133 2576 286 2650 opportunis
299 2576 332 2635 C.
341 2575 481 2636 Licinium.
521 2576 663 2654 Praeposrtis
676 2575 716 2633 his
727 2575 809 2653 Illyri·

74 2674 117 2721 co,
137 2674 201 2713 cum
213 2656 311 2735 reliquo
324 2660 475 2718 exercituin
488 2660 598 2736 Epirum
609 2660 647 2716 est
665 2657 809 2736 profectus.

74 2738 119 2795 ubi
133 2740 218 2814 prima
232 2740 346 2801 Phanota
359 2742 483 2814 eidodipa,
502 2756 558 2799 tota
570 2740 733 2799 multinrdine
741 2758 807 2799 cum

73 2818 162 2878 infulis
174 2819 280 2881 obviim
291 2822 378 2885 effirsa.
396 2823 440 2883 hic
450 2824 564 2902 presidio
571 2822 695 2901 impofiro
701 2821 729 2877 in
744 2824 808 2879 Mo·

62 2900 379 2989 tondemtnnsgrems:
394 2904 603 2987 eujusomnibue
614 2903 723 2982 oppidio
739 2922 807 2981 Ρη·

771 2997 812 3040 ter
