1786 3352
73 476 220 540 obvenerat,
243 474 452 543 denunciatum
477 488 509 537 ιιι
521 475 644 535 exercitrri
661 476 734 536 diem
754 476 811 556 pri·

74 575 149 616 mana
160 575 294 635 quamque
304 558 443 619 dimona
470 560 474 567 '
506 558 682 624 reuientluru.¹
708 560 810 619 cun-

74 640 167 698 cretiua
190 651 295 716 putor,
321 639 366 696 cui
389 572 629 783 ώιιῖριοιὶιιιὶι
649 652 711 704 erat,
743 656 808 700 cunr

73 721 240 798 qnadraginta
262 721 442 796 quinqueremi
478 739 492 778 a
515 718 548 778 ab
574 720 638 779 urbe
669 719 810 799 profeffla.

73 821 138 859 nam
152 818 184 859 ex
195 801 299 859 tarenis
318 801 428 860 naribua
444 800 503 859 alias
516 802 544 858 in
562 801 643 861 alium
656 802 733 860 usum
746 803 811 860 reti·

74 885 130 941 neri
151 883 182 940 ad
202 881 294 940 urbem
313 882 418 958 placuit.
455 882 603 941 Praerniffuc
622 880 759 960 luetone
771 885 810 942 cli
840 906 844 913 ·

73 966 151 1023 irater
166 965 298 1023 humerius
311 964 637 1043 cumquinqneremeun'a
651 985 658 1022 ι
671 964 730 1040 juis
767 982 811 1030 ue,

74 1045 109 1103 ab
121 1044 195 1103 sociis
209 1063 242 1103 cx
256 1045 355 1116 foedere
374 1046 487 1122 acceptia
505 1045 623 1110 mribus,
646 1045 678 1104 ad
699 1048 757 1122 Cep

72 1125 168 1185 leniam
184 1125 251 1184 classa
264 1145 406 1186 occurrere.
418 1127 451 1185 ab
464 1126 591 1206 thcgiuit
600 1127 700 1187 triremi
712 1124 811 1190 unnab

73 1210 166 1267 Locris
183 1207 289 1271 duabus,
306 1208 340 1266 nb
352 1208 468 1267 Uritibus
484 1222 604 1287 quatuor,
626 1222 718 1285 pater
734 1224 810 1265 oram

74 1288 152 1347 ltaliae
165 1288 329 1365 superemus
347 1288 468 1349 Caburi:
482 1305 632 1348 extremum
651 1304 810 1366 promonto-

73 1373 142 1429 rium
162 1371 188 1426 in
209 1371 286 1427 Innio
305 1372 381 1434 mari
407 1370 602 1447 Dyrrhachium
625 1372 728 1446 trajicit.
768 1368 811 1427 lbi

73 1454 165 1511 decern
179 1451 296 1527 ipsorum
308 1451 560 1529 Dyrrhachinorum,
572 1453 710 1511 duodecim
723 1450 811 1510 lffaro·

73 1553 143 1599 rum,
174 1534 361 1612 quinquaginta
379 1549 508 1611 quatuor
512 1535 602 1592 Gentii
623 1534 693 1613 regia
708 1531 812 1593 lembo·

74 1616 188 1682 nntius,
206 1615 330 1673 simulans
343 1612 370 1673 se
385 1615 486 1673 oedem
498 1632 552 1676 eoa,
572 1616 601 1673 in
614 1613 690 1673 usum
706 1616 810 1674 Roma·

74 1715 173 1753 norum
198 1709 364 1771 comparator
377 1696 446 1761 effe·
475 1695 601 1753 omnibus
618 1695 744 1760 abduffin
766 1696 810 1753 dio

73 1778 152 1837 tertio
171 1779 325 1852 Corcyram,
350 1776 411 1834 inde
426 1776 546 1852 protinus
563 1779 592 1833 in
614 1775 810 1853 Cephallenitrn

74 1859 178 1934 trajicit.
218 1855 811 1952 C.Lucretiurpraetorachapoliprofe&ua.

74 1940 193 2018 superato
208 1939 284 2004 freto,
308 1941 350 1997 die
371 1941 463 2017 quinto
478 1940 507 1997 in
521 1938 712 2018 Ceplullcniam
731 1938 811 1996 nans-

74 2023 156 2082 rnifit.
198 2022 236 2078 Ibi
249 2022 318 2080 stetit
329 2020 428 2080 claiiis:
458 2020 536 2079 fimul
551 2023 695 2099 opperiens,
715 2032 747 2077 ut
760 2035 812 2078 ter-

74 2106 162 2163 restres
184 2105 267 2180 copiae
286 2104 470 2179 trajicerentur,
499 2103 575 2161 simul
593 2118 623 2162 ut
640 2103 771 2162 onerariae
777 2119 811 2162 cx

65 2164 180 2267 agmine
192 2186 239 2242 suo
250 2204 295 2263 per
308 2186 390 2244 altum
408 2185 530 2261 diffipatae
549 2184 770 2262 consequerentur.

75 2271 218 2326 XLIX.
244 2271 291 2325 Per
314 2267 360 2325 hos
375 2264 442 2326 forte
460 2267 514 2324 dica
538 2271 565 2325 l'.
580 2268 693 2325 Licinius
707 2262 807 2329 consul,

74 2350 144 2406 votis
159 2351 187 2405 in
209 2347 338 2426 Capitolio
354 2349 517 2425 nuncupatis,
543 2347 675 2425 paludatus
695 2346 727 2404 ab
747 2347 810 2405 urbe

70 2430 208 2506 profectus
222 2432 270 2487 eli.
308 2434 415 2505 Semper
427 2427 532 2507 quidem
547 2448 576 2487 en
597 2448 636 2486 res
654 2448 716 2487 cum
734 2445 811 2507 tnag-

75 2530 110 2570 na
127 2511 251 2591 dignitate
272 2529 303 2568 nc
323 2511 455 2585 majestate
478 2512 596 2591 geritur:
622 2505 750 2588 precipue
771 2524 811 2569 ta·

75 2612 139 2651 men
155 2593 283 2651 corrrortit
294 2591 385 2652 oculos
397 2592 558 2669 animosque,
576 2610 670 2669 quum,
688 2593 719 2650 ad
735 2608 812 2670 mag·

75 2694 144 2733 num
162 2673 329 2752 nobilemque
350 2690 395 2733 oin
410 2675 504 2733 virtute
520 2690 564 2733 aut
582 2676 686 2732 lortuna
707 2673 811 2731 hollem

39 2756 60 2781 “
76 2771 191 2820 euntem,
211 2755 343 2821 consulem
354 2754 551 2834 prosequuntur.
587 2755 728 2815 contrahit
738 2756 812 2812 enim

76 2834 134 2893 ἰιοιι
150 2837 231 2893 officii
241 2837 324 2896 moab
336 2856 405 2903 curra,
431 2837 472 2897 sod
485 2837 565 2897 ctiam
580 2837 693 2895 studium
713 2835 812 2912 speeta-

78 2915 140 2979 culi,
155 2929 185 2974 ut
197 2918 298 2976 rideant
311 2920 404 2978 ducem
417 2916 492 2977 suum
505 2942 515 2984 t
534 2919 609 2994 cujus
621 2918 733 2995 imperio
745 2934 811 2975 con·

79 2996 185 3076 filioque
204 2997 338 3057 summam
351 2999 536 3076 rempublicam
551 3001 673 3058 tuendam
689 2997 811 3075 permise-

75 3093 146 3141 nurt.
185 3079 258 3139 Subit
274 3081 365 3143 deinde
385 3081 509 3160 cogitatio
530 3083 660 3147 animum,
652 3078 812 3219 ,quimbsqli

790 3178 811 3224 ⁸·
