1786 3352
241 157 451 227 LIBER
479 156 605 224 XLIV.
737 178 797 243 145

69 275 168 352 nuptiis
182 268 332 352 adjun'genti
344 272 389 329 srbi
404 272 582 331 Dardanorum
597 268 712 350 gentem.
732 276 799 333 &li-

72 358 159 414 milius
174 357 199 413 id
213 376 273 413 uero
288 355 350 413 fecit
360 356 440 412 dudit
451 375 480 411 ea
499 355 583 432 virgo,
612 354 710 411 Platore
723 356 802 413 inter·

71 436 153 498 feteo.
192 438 284 497 Gmris
295 436 386 495 deinde
397 436 506 512 dempto
515 434 602 493 siuttis
611 453 684 494 metu
695 436 804 515 popula-

72 519 141 577 ribus
158 521 208 577 effe
229 536 323 615 ott*
356 522 384 577 δι
405 518 553 575 violentiam
574 518 676 577 inlitam
696 520 803 598 ingenio

71 600 267 678 intemperentia
286 602 340 659 vini
360 598 520 658 accendebat.
571 596 703 664 Ceterum,
736 602 804 662 sicut

73 698 131 740 tute
146 685 247 741 dicium
263 684 310 748 est,
334 682 366 740 ad
386 685 542 739 Romanum
563 682 680 739 inritatus
698 681 804 747 bellum.

75 760 175 823 Lissum
187 785 280 823 omnes
295 765 381 842 copias
392 763 534 823 contraxit:
559 760 707 838 quindecim
724 764 805 839 millite

74 860 234 906 umerorum
242 849 358 905 'fuerunt
387 845 536 903 Indefintre
547 843 574 901 in
586 846 726 904 Caviorum
739 866 805 929 gen·

75 942 140 993 tem,
159 931 186 986 vi
201 946 245 989 tut
260 946 354 986 terrore
364 926 540 1007 subigendam,
556 942 620 985 cum
634 928 702 985 mille
713 930 806 1005 pediti·

76 1010 125 1069 bus
139 1015 168 1070 δι
182 1012 369 1089 quinquaginta
383 1008 511 1085 equitibus
531 1008 617 1072 misso,
635 1008 687 1087 lpse
700 1012 732 1067 ad
748 1011 805 1069 Bas·

76 1090 173 1149 siniam
190 1093 282 1149 urbem
294 1090 499 1168 quinquemillia
511 1088 544 1146 ab
559 1086 627 1146 uilio
638 1092 719 1149 ducit.
758 1098 807 1150 So-

79 1175 114 1231 cii
126 1186 198 1231 erant
208 1177 401 1232 Romanorum.
426 1171 512 1249 itaque
530 1186 576 1245 per
591 1170 681 1229 missos
695 1175 809 1234 'nuncioe

79 1251 150 1334 prirls
168 1256 267 1321 tentati²
292 1255 451 1312 obsidionem
474 1256 526 1329 pati
546 1249 627 1328 quim
647 1254 736 1313 dedere
757 1256 808 1315 sese

80 1336 234 1396 maluerunt.
275 1334 458 1395 Carauantium
471 1338 498 1393 in
513 1336 599 1395 Caviis
611 1336 740 1394 Durnium
760 1358 809 1417 op·

78 1420 174 1496 pidum
193 1419 370 1478 advenientem
389 1416 500 1496 benigne
519 1418 629 1493 accepit:
660 1420 810 1479 Curvamis

83 1500 159 1559 altera
177 1501 238 1559 urbs
254 1502 367 1561 exclusit.
386 1505 415 1560 dt
434 1519 518 1577 quum
538 1518 613 1577 agros
624 1519 715 1559 eorum
729 1498 810 1561 effuse

82 1585 198 1648 vastaret,
215 1583 313 1661 aliquot
325 1584 402 1660 palati
416 1583 509 1640 milites
527 1582 665 1663 agrestium
684 1585 811 1643 concursu

81 1665 210 1723 intersedii
222 1664 288 1725 sunt.
329 1670 390 1746 Jam
409 1669 438 1724 dt
455 1668 504 1739 Ap.
517 1664 647 1728 Claudius,
672 1665 812 1743 adsumptis

82 1748 114 1805 td
124 1765 187 1805 eum
203 1749 344 1806 exercitum
357 1764 436 1825 quem
449 1744 555 1803 habebat
570 1744 718 1802 Bulinotum
733 1752 761 1807 δι
775 1753 812 1807 A·

84 1826 264 1905 pollonittium
281 1833 308 1887 dt
326 1824 565 1903 Dyrrhachinorum
583 1829 692 1892 auxiliis,
725 1828 813 1907 profe·

64 1908 67 1913 ’
86 1911 144 1967 etus
165 1928 198 1967 ex
217 1908 335 1973 hibernis,
359 1910 427 1967 circa
443 1907 597 1966 Genusuum
615 1928 722 1966 amnem
736 1914 815 1970 castre

85 1988 206 2058 habebam
235 1991 322 2048 audito
344 1990 441 2048 foedere
460 1989 528 2047 inter
542 1987 628 2047 Persea
638 1995 666 2049 ὃς
677 1993 815 2059 Gentium,

87 2076 117 2133 dt
130 2072 274 2152 legatorum
286 2070 439 2130 violatorum
458 2070 548 2147 injuria
566 2068 693 2136 accensus,
719 2073 816 2133 bellum

89 2153 243 2213 hauddubie
256 2154 372 2212 adversus
385 2173 447 2213 eum
461 2154 585 2233 gesturus.
625 2156 732 2213 Anicius
749 2178 815 2234 prae·

86 2250 129 2295 tor
143 2254 176 2291 oo
189 2253 308 2312 tempore
321 2237 468 2316 Apollonia,
496 2236 585 2293 tuditis
603 2256 661 2314 quae
676 2239 702 2295 in
717 2238 817 2316 illyrico

89 2330 244 2397 gererentur,
276 2318 458 2397 praemissisque
481 2319 512 2376 ad
534 2320 647 2394 Appium
675 2319 761 2385 literis,
787 2338 819 2381 ut

90 2399 157 2456 sead
171 2397 324 2467 Genusuum
337 2403 501 2476 opperirentu,
526 2402 613 2458 triduo
629 2407 658 2461 δε
670 2400 722 2477 ipse
735 2403 763 2460 in
775 2421 819 2463 ca·

91 2483 141 2539 stra
154 2483 235 2538 venit:
260 2485 298 2543 dt,
316 2481 347 2536 ad
362 2500 390 2538 ea
403 2498 462 2557 quae
473 2478 579 2539 habebat
590 2482 678 2541 auxilia
685 2484 819 2561 assumptis

93 2562 275 2620 Parthinorum
291 2564 433 2636 juventutis
452 2562 553 2619 duobus
571 2564 680 2621 millibus
700 2567 818 2642 peditum

94 2648 123 2703 dt
136 2643 392 2720 equitibusducentiu
406 2642 543 2723 (peditibus
553 2646 684 2721 Epicadus.
692 2650 819 2726 equitibus

95 2725 199 2802 Agalsus
209 2726 334 2801 ptaeeran)
346 2726 445 2801 potabat
457 2728 547 2784 ducere
561 2729 587 2783 in
603 2728 742 2806 illyricum,
761 2752 818 2792 ma-

94 2802 167 2865 ximi
178 2823 208 2865 ut
220 2808 351 2866 Bassanitas
363 2807 467 2867 solveret
478 2806 617 2869 obsidione.
641 2810 724 2871 tenuit
736 2814 820 2890 impe·

95 2904 156 2973 tum
166 2889 222 2964 ejus
238 2889 309 2950 sama
321 2890 468 2950 lemborum
485 2890 640 2952 vallantium
659 2896 819 2955 maritimum

139 2976 221 3030 Von.
232 2974 281 3031 Vl.
512 2976 539 3032 G
748 2989 846 3024 orm.
