1786 3352
104 147 164 225 146
336 140 380 207 T.
407 139 444 205 -L
466 139 533 209 lv
547 141 605 210 ’1-1

97 269 183 306 oram.
222 247 367 330 ostoginra
379 263 450 308 eraut
462 246 550 313 lembi.
567 248 674 309 austere
682 252 832 314 Pantaucho

99 328 306 389 miffiaGentio
319 331 350 389 ad
371 328 611 406 Dyrrhachinorum
633 336 662 391 δι
682 336 704 391 Α
705 334 830 412 pollonu-

98 414 165 475 tium
181 432 256 495 agros
271 410 439 491 popuhndos.
478 416 552 471 Tum
566 410 648 472 dass'rs
661 354 742 475 adpo

128 578 243 634 XXXI.
259 574 320 610 Μ
331 541 706 635 toeotradideruntse⁸deiuce
706 584 830 655 psit-ur

97 658 141 713 bes
154 656 265 735 regionis
273 656 329 729 ejus
341 656 409 713 idern
418 654 551 718 faciebant,
567 598 724 731 adjuvautep
718 662 827 721 inclina·

97 740 199 797 tionem
213 738 364 795 animorum
379 737 536 795 ekmontia'
528 756 555 795 ιιι
572 756 666 797 omnes
686 744 714 801 &
730 742 830 815 justitia

95 821 209 897 praetoris
222 822 347 879 Romani.
387 820 426 877 Ad
437 818 561 879 Scodram
575 820 635 877 inde
653 835 760 880 ventum
782 826 830 893 est,

95 902 121 959 id
140 901 210 981 quod
222 899 277 959 belii
292 916 369 979 caput
388 898 485 961 firerat:
514 920 569 959 uon
588 920 622 959 eo
636 898 730 967 solium,
756 903 829 982 quod

84 985 204 1042 Gentius
218 1003 275 1041 eam
288 984 334 1043 fibi
349 998 457 1061 ceperat,
478 980 548 1043 velut
558 984 633 1063 regui
644 986 724 1043 totius
730 1004 828 1054 arcem,

85 1064 137 1124 .sed
150 1068 227 1125 etiam
244 1059 313 1145 quod
328 1066 477 1127 Labeatium
489 1065 574 1147 gentis
583 1066 753 1125 munitissima
770 1066 828 1127 loo-

95 1166 130 1227 ge
118 1144 178 1207 est
191 1148 341 1207 &difficilis
356 1147 435 1207 aditu.
473 1152 536 1207 Duo
548 1164 658 1229 cingunt
664 1168 722 1206 eam
736 1150 829 1209 flumi-

95 1249 139 1293 na,
158 1229 271 1289 Clausala
282 1230 358 1287 latere
372 1228 449 1294 urbis,
470 1230 569 1323 quud'
561 1249 589 1288 m
605 1230 734 1289 orientem
748 1246 829 1309 pout.

94 1312 245 1389 praefluens,
269 1309 380 1370 Barbam
398 1311 430 1369 ab
450 1313 556 1391 regione
575 1312 716 1371 occidentis
731 1332 764 1373 ex
776 1320 827 1373 La·

94 1392 193 1453 beatide
211 1392 301 1469 paude
318 1394 411 1451 oriens.
440 1392 469 1451 hi
487 1393 541 1451 duo
561 1412 652 1451 amnes
666 1396 827 1456 confluentes

94 1475 211 1532 incidunt
222 1474 334 1534 Oriundi
347 1474 465 1540 flumini·
492 1474 563 1553 ¹quod
577 1489 668 1535 ortum
683 1495 716 1535 ex
735 1493 827 1537 moute

94 1556 202 1619 Scodro,
221 1553 309 1612 multia
325 1557 353 1613 δι
365 1554 541 1613 ιΙὶίειιιᾶιιιιι
554 1558 635 1632 aquis,
657 1576 723 1615 marr
716 1560 826 1617 Hadri·

92 1638 161 1697 atico
175 1637 202 1695 in
203 1633 290 1693 f.ertur
330 1638 410 1693 Mons
417 1634 537 1701 scodrus
556 1634 635 1717 longe
644 1636 778 1698 duffimus
786 1660 826 1699 re·

160 1719 259 1794 injus,
279 1715 311 1777 ab
325 1716 424 1779 oriente
442 1718 597 1778 Dudauiam
617 1718 761 1797 subjeiiam
779 1720 825 1781 lm·

93 1738 178 1866 fit,
167 1798 298 1859 imeridie
313 1801 504 1865 Macedoniam.
530 1800 563 1859 ab
575 1802 667 1860 ocmsu
684 1800 827 1879 Illyricum.

94 1888 252 1963 Quanquam
268 1884 402 1941 munitum
424 1882 474 1942 fitu
493 1882 599 1942 naturali
616 1884 744 1961 oppidum
764 1898 826 1953 erat.

94 1964 207 2047 gensque
229 1966 255 2023 id
276 1980 330 2024 tota
349 1964 495 2042 Illyriorum
521 1969 607 2028 &rex
625 1966 677 2043 ipse
692 1966 824 2037 tueharurJ

94 2064 185 2107 tamen
204 2062 297 2126 praetor
323 2052 471 2112 Romanus,
492 2050 553 2123 quia
564 2049 648 2140 prima
660 2048 826 2110 succefferaut

93 2130 219 2207 prospere,
236 2129 368 2186 fortunam
383 2132 463 2187 totius
479 2131 515 2185 rei
535 2128 661 2205 principia
679 2127 825 2189 secuturam

94 2212 145 2269 effe
155 2227 232 2272 ratus
253 2214 280 2268 &
296 2212 459 2285 repentinum
472 2208 755 2274 ruiturumterrorem,
784 2213 824 2269 irr-

95 2280 195 2353 struem
205 2292 317 2349 exercitu
329 2292 360 2347 ad
376 2291 477 2349 moenia
489 2288 611 2349 succedit.
638 2289 715 2363 Quod
724 2293 744 2350 fi
756 2291 824 2353 clau·

94 2377 128 2435 srs
141 2375 220 2453 portis
236 2392 325 2431 muros
341 2388 525 2449 portarumque
541 2386 622 2429 turres
641 2372 763 2451 diipofitis
784 2394 823 2433 ur·

96 2459 173 2516 matis
194 2456 293 2513 defendi
295 2456 367 2517 ssent,
392 2471 459 2511 vano
483 2472 546 2509 cum
566 2456 670 2531 incepto
689 2454 824 2515 moenibus

95 2538 244 2617 pepulissent
257 2540 401 2595 Romanos.
442 2537 523 2594 Nunc
540 2552 614 2613 porta
629 2536 717 2615 egreffi
734 2538 824 2613 prucii-

96 2642 144 2679 um
156 2620 215 2678 ioco
227 2636 302 2695 aequo
314 2619 413 2693 majore
425 2618 514 2675 auimo
528 2618 720 2682 commiserunt,
741 2618 823 2693 quim

96 2702 274 2760 sustinuerunt.
292 2700 355 2776 pulsu
367 2698 438 2756 enim
452 2702 480 2757 &
490 2698 553 2777 fugo
564 2698 718 2779 conglobati,
737 2719 822 2775 quum

93 2784 199 2843 ducenti
213 2780 323 2858 amplius
336 2783 363 2839 iu
377 2780 436 2857 ipfis
449 2779 564 2841 faucibus
575 2799 658 2861 portae
671 2782 825 2849 cecidiss'ent,

95 2881 200 2932 mutum
211 2864 351 2926 intulerunt
368 2876 502 2931 terrorem.
526 2880 556 2926 ut
568 2877 679 2927 muoree
691 2865 823 2943 extemplo
