1786 3352
102 180 163 230 200
337 160 384 229 T.
412 159 445 227 1.
465 159 480 227 1
501 159 534 227 V
554 157 570 229 l
590 162 607 231 1

92 265 180 346 sellem
198 266 292 335 liberos,
310 269 362 347 sel
377 270 457 329 earnm
477 271 601 329 mma
613 266 672 349 fere
683 266 778 353 mmsis
798 270 837 345 ὸ

100 353 251 417 Taulantios,
269 351 464 428 Daffarerierum
484 354 600 429 Pirustas,
617 352 773 419 Rhitorm
791 356 840 415 01.

100 438 214 500 emmas,
231 430 299 511 quil
309 431 424 491 inconmr
441 436 530 494 Gentio
548 437 584 493 al
600 444 721 494 Romanos
734 437 839 516 defecis-

95 517 165 592 sent.
214 512 329 590 Dsosseis
348 534 444 594 qunque
464 519 650 575 immunitatem
669 520 743 584 lam
771 520 842 599 quid

100 598 344 656 relHoCaravanrio
356 616 415 656 cum
425 600 504 656 armis
517 599 553 658 ad
563 608 684 658 Romam
693 598 841 679 trerfiffsnt.

97 675 269 754 chdrenfibus,
288 676 324 749 ὁ·
337 679 526 758 Daffarenssbrrs,
551 679 587 752 ὁ·
601 682 748 759 Selepitanis,
772 698 840 741 cet&

98 760 182 838 rffque
195 760 282 840 Illyriis
294 762 403 836 velligal
412 763 542 822 dimidium
555 765 607 857 ilus
625 764 694 841 quod
709 765 761 839 regi
774 778 840 843 pen·

99 842 191 918 disens.
218 842 282 900 Inde
295 843 322 900 in
336 856 387 902 tres
397 856 481 921 partes
496 842 627 922 Illyricum
639 844 733 903 divifit.
754 864 841 907 unam

100 941 160 981 eam
183 922 246 981 fecit
265 944 324 1002 quae
344 923 418 1003 supra
434 925 504 984 dilla
521 927 568 992 ell,
596 925 699 984 alteram
715 926 844 989 Labeatas

101 1023 206 1071 omnes,
234 1008 337 1065 tertiam
358 1008 535 1087 Agrauonitas,
566 1010 595 1068 dt
617 1006 779 1074 Rhizonitas,
809 1015 840 1072 dt

100 1088 250 1155 Olciniatas,
272 1087 421 1169 accolasque
441 1108 544 1149 eorum.
572 1088 622 1148 hac
641 1089 754 1150 formula
766 1091 841 1151 diua

101 1172 129 1229 in
152 1172 265 1251 Illyricos
293 1170 346 1250 ipse
366 1173 395 1231 in
418 1172 490 1252 Epiri
512 1171 676 1233 Paffarouem
689 1171 843 1236 intubum

100 1254 184 1313 rediit

143 1338 261 1398 XXVII.
280 1340 355 1396 Dum
369 1334 425 1396 haec
436 1334 576 1415 inlllyrieo
588 1348 720 1417 geruntur,
738 1336 841 1398 Paullus

101 1434 161 1479 ante
172 1421 312 1479 adventum
327 1419 417 1477 decem
429 1420 574 1498 legatorum
587 1424 625 1497 Q.
638 1421 788 1479 Maximum
806 1420 840 1479 fi·

101 1500 177 1565 lium,
198 1503 254 1574 jam
268 1500 300 1557 ab
314 1502 404 1557 Roma
422 1498 573 1578 regress'um,
595 1501 733 1639 AEgipium
758 1505 788 1561 δι
803 1504 842 1559 Α·

101 1583 181 1661 gallis
189 1580 339 1655 diripiendas
348 1579 440 1637 mittit:
466 1580 579 1658 Agalsas,
597 1599 633 1657 qu
674 1600 759 1658 quum
767 1584 842 1643 Mar·

100 1665 144 1723 cio
159 1660 255 1722 consuli
267 1661 420 1721 tradidissent
433 1658 536 1726 urbem,
555 1663 636 1740 petita
647 1661 717 1721 ultro
732 1663 842 1724 locieta·

101 1760 128 1807 te
144 1750 275 1810 Romana,
293 1745 437 1803 defecerant
448 1742 534 1802 riusus
553 1744 585 1802 ad
606 1742 707 1803 Persea:
735 1746 841 1826 AEgiui-

102 1828 203 1886 ensium
220 1846 320 1886 novum
332 1828 432 1886 crimen
443 1841 506 1887 erat.
525 1825 604 1885 famae
614 1826 646 1884 de
658 1826 768 1886 victoria
780 1832 841 1888 Ro·

104 1930 244 1969 manorum
260 1912 340 1970 fidem
357 1929 412 1968 non
427 1909 557 1975 habentes,
582 1909 611 1966 iu
623 1906 752 1986 quosdam
768 1909 838 1969 mili·

105 2010 163 2052 tum
178 1994 267 2052 urbem
282 1992 405 2072 ingressos
416 1990 539 2051 hostiliter
553 1988 692 2050 saevierant.
735 1992 776 2050 nd
790 1994 838 2051 Β·

102 2078 209 2133 nimum
231 2094 335 2153 quoque
356 2072 479 2132 hostiliter
500 2071 591 2130 urbem
615 2071 785 2148 diripiendam
805 2078 837 2134 L.

102 2159 268 2215 Postumium
282 2156 363 2219 milit,
381 2152 451 2231 qudd
457 2151 616 2231 pertinacius
628 2151 708 2229 quim
718 2154 838 2213 finitima

105 2240 221 2299 civitates
234 2240 261 2295 in
277 2237 356 2293 armis
374 2235 482 2291 lucrant.
521 2236 648 2292 Autumni
669 2234 721 2293 fere
734 2250 838 2315 tempus

105 2340 167 2388 erat,
188 2320 263 2393 cujus
276 2317 401 2394 temporis
416 2317 492 2373 initio
510 2316 722 2375 circumeundam
740 2318 839 2378 Graeci-

105 2423 159 2466 am,
181 2400 333 2477 visendaque
342 2418 401 2477 quae
411 2398 543 2457 nobilitata
555 2397 627 2455 fama
640 2400 725 2480 magia
736 2399 843 2459 auribus

105 2498 209 2562 accepta
230 2482 297 2546 sunt,
327 2479 408 2559 quim
419 2481 500 2539 oculis
512 2479 665 2546 noscuntur,
693 2492 724 2540 ut
737 2482 840 2540 statuit:

103 2566 239 2642 preposito
251 2564 336 2623 castris
350 2566 384 2622 C.
396 2562 510 2642 Sulpicio
521 2563 605 2629 Gallo,
624 2562 757 2640 profectus
774 2581 840 2622 cum

104 2648 173 2706 haud
192 2665 291 2725 magno
303 2646 439 2709 comitatu.
461 2644 607 2725 tegentibus
624 2644 700 2705 latera
717 2646 841 2723 Scipione

105 2729 159 2787 tilio
177 2734 205 2790 δι
220 2728 346 2787 Athenian
360 2730 485 2787 Eumenis
498 2728 566 2806 regis
582 2724 667 2791 statne,
694 2744 741 2801 per
758 2726 844 2787 Thes·

104 2810 191 2872 filiam
209 2809 324 2889 Delphos
336 2812 410 2889 petit,
429 2809 556 2887 inclytum
569 2806 713 2868 oraculum.
734 2806 780 2867 ubi
802 2807 843 2867 sa·

70 2921 79 2942 ·
105 2894 205 2956 crilicio
218 2891 330 2974 Apollini
348 2892 430 2980 lullo,
453 2891 586 2977 inchoatas
607 2886 776 3031 iuveffiplo
793 2908 842 2949 co-

744 2988 846 3033 imm
