1786 3352
70 149 113 214 94
290 122 336 190 T.
373 108 570 191 L'lVll

69 258 129 301 tum
149 237 440 317 esteterdodieped
460 234 731 299 uenunuirmlend

69 320 204 382 tcrkalares
215 320 296 380 fuere.
321 321 468 379 Sacerdotes
478 320 545 378 intra
555 338 617 377 eum
624 338 731 379 annunt

68 400 731 480 trd‚L.Flamininua*pontiticeaduodecelsemnt,l

69 488 122 545 rius
136 484 226 545 Philus
245 488 273 544 δι
292 486 326 543 C.
338 485 426 549 Livius
439 482 571 541 Salinator.
589 485 617 540 in
632 484 721 543 locum

69 570 104 626 T.
126 564 254 627 Manlium
277 571 451 644 Torquatum,
471 566 499 622 iu
521 565 588 623 Livii
608 570 649 624 Μ.
667 570 729 625 Serv

67 648 205 727 pontifices
218 647 342 727 legerunt.

7 750 10 755 ’
111 734 175 789 XII.
194 730 323 806 Principio
338 726 491 804 insequentia
511 729 571 785 anni
586 748 671 806 quum
690 748 730 789 cor

67 814 184 953 ult
197 810 311 971 llll:
328 808 730 973 tumultui

68 994 114 1033 eos
127 977 193 1036 iuter
204 972 230 1032 se
242 973 341 1033 Italiam
355 977 383 1033 dt
396 974 584 1036 Macedoniarn,
597 988 643 1032 aut
653 975 730 1034 suntin

66 1059 133 1116 cuit.
169 1054 321 1133 Priusquam
335 1057 360 1113 id
372 1055 426 1113 sora
438 1070 559 1121 emeret,
579 1056 608 1113 in
617 1058 730 1118 inuermr

68 1140 130 1218 quid
147 1139 227 1218 gratia
237 1138 369 1196 momenti
382 1136 483 1203 smeret,
504 1140 532 1194 in
547 1138 686 1217 utramque
696 1158 730 1217 pn

67 1223 148 1284 ciam,
166 1218 282 1297 quddtea
295 1218 625 1295 desidnnretsupplementi.
641 1222 730 1279 decern

69 1302 249 1361 Macedoniam
267 1302 386 1378 peditum
399 1303 584 1357 Romanomm
597 1302 640 1359 sex
654 1303 730 1361 millia

68 1384 171 1443 ciorum
189 1384 305 1440 nominis
319 1382 404 1441 Latini
415 1379 458 1439 sex
472 1378 563 1438 millia:
584 1386 682 1459 equites
699 1387 729 1443 Ra

68 1484 117 1523 nos
128 1466 253 1523 ducentos
266 1462 461 1540 quinquaginta,
480 1461 564 1521 socioa
572 1476 710 1524 trecentos.

67 1561 133 1604 teres
151 1544 246 1603 milites
262 1545 368 1608 dimitti,
387 1543 423 1599 ita
442 1556 472 1600 ut
494 1543 521 1598 in
543 1543 652 1623 singulas
669 1548 729 1603 Ron

62 1628 190 1707 legiones,
204 1624 306 1703 neplua
315 1621 461 1683 sena-millu
471 1624 596 1703 peditum,
614 1628 728 1695 trecenti¹

67 1724 106 1767 tes
123 1708 210 1768 essem.
250 1707 330 1767 Alteri
342 1704 439 1766 consuli
459 1704 543 1764 nullus
556 1722 638 1765 certus
650 1708 729 1766 finitu

9 1846 12 1851 .
68 1810 155 1850 merua
170 1790 268 1849 civium
282 1794 476 1854 Romanorum,
495 1806 575 1866 quem
591 1790 619 1846 in
636 1787 729 1868 supple

67 1888 127 1931 tum
148 1872 250 1953 legeret.
273 1872 300 1929 id
320 1870 402 1930 modd
420 1872 533 1935 linitum,
559 1886 589 1930 ut
607 1872 669 1929 duas
687 1870 729 1951 leg

64 1954 191 2022 sorberet,
208 1975 268 2034 quae
278 1955 357 2032 quina
368 1952 447 2011 millia
458 1954 575 2029 peditum
590 1958 618 2013 &
630 1954 729 2019 ducenn

65 2036 162 2103 herent,
175 2041 273 2115 equites
283 2052 408 2095 trecenos.
441 2036 560 2094 Peditum
574 2036 727 2093 latinorum

65 2120 109 2195 jor
128 2117 208 2197 quim
223 2117 327 2195 collegae
342 2118 456 2174 decretus
467 2132 604 2173 numerus:
626 2119 728 2194 peditem

10 2256 14 2265 ,
66 2218 127 2257 cem
142 2200 220 2257 millia
233 2198 380 2258 &sexcenti
391 2199 497 2275 equites.
514 2213 626 2273 quatuor
637 2214 728 2275 praeterr

10 2272 22 2345 l
57 2282 158 2361 ·gionea
169 2280 243 2340 scribi
255 2279 334 2354 jussae,
354 2298 421 2356 quae,
440 2279 525 2355 siquo
542 2298 607 2356 opus
620 2281 689 2345 effct,
707 2300 728 2339 u

65 2378 162 2423 rentur.
201 2361 332 2421 Tribunos
345 2359 384 2425 his
398 2379 452 2418 non
465 2361 627 2437 permissum,
644 2378 674 2421 ut
685 2381 728 2421 cor

65 2446 195 2505 fument:
218 2444 327 2522 populus
348 2444 452 2501 creavit.
492 2444 572 2499 Sociis
586 2446 701 2502 nominis
716 2449 728 2502 1

65 2525 191 2585 sexdecim
204 2524 283 2583 millia
297 2524 423 2603 peditum,
444 2527 472 2583 δι
485 2524 555 2581 mille
565 2527 663 2603 equites
674 2529 728 2603 imp

64 2612 144 2666 Hunc
155 2610 297 2666 exercimm
312 2608 392 2685 parari
406 2620 509 2663 tantum
524 2605 628 2682 placuit,
647 2624 676 2665 ut
686 2609 727 2665 exi

62 2706 118 2765 quo
130 2708 169 2747 res
182 2684 301 2765 posceret.
338 2688 488 2745 Macedonia
500 2686 618 2747 maxime
631 2707 720 2747 curam

63 2769 148 2831 bebat.
166 2770 193 2826 in
207 2769 307 2827 clalscm
330 2768 400 2827 mille
418 2768 481 2827 socii
502 2769 601 2827 naralca
613 2771 682 2828 cirea
696 2773 728 2828 Rc

61 2853 100 2919 ni,
116 2852 226 2913 libertini
242 2853 338 2910 ordinis
354 2869 387 2909 ex
407 2849 477 2911 ltalia
494 2849 567 2909 scribi
588 2850 664 2929 jussu
685 2865 727 2913 tot
