1786 3352
80 201 119 267 32
313 180 359 248 T.
390 180 422 248 L
444 182 457 247 l
478 182 512 245 V
533 182 547 249 l
569 184 585 249 l

79 289 207 351 Caecilius.
246 290 285 349 Ad
299 292 391 349 omnia
403 304 541 368 praepnata
554 294 608 352 Cn.
621 290 733 351 Sicinius
750 310 765 373 f

76 387 128 439 tor,
149 373 279 453 paludatus
294 391 326 431 cx
348 374 410 431 urbe
429 372 571 451 proicolus,
589 374 752 435 Brundisium

76 471 125 517 ml.

119 540 251 597 XXVIII.
271 536 352 595 Exitu
362 555 445 615 prope
457 540 518 596 anni
537 541 571 597 C.
584 537 705 615 Popillius
725 558 764 597 coi

77 624 197 680 Romam
211 619 297 683 rediit3
318 616 447 697 aliquanto
458 618 533 678 serius
545 617 627 697 quim
640 619 738 677 senatus
753 640 764 677 c

78 702 172 762 suerat:
203 702 246 759 cui
272 701 360 778 primo
379 720 483 779 quoque
501 718 621 777 tempore
650 700 764 781 magistu

77 805 168 850 creare,
188 801 273 861 quum
294 798 397 840 tantum
418 783 513 841 bellum
536 782 695 847 immineret,
714 782 764 858 jun

76 882 139 925 crat.
177 869 267 941 Itaque
281 883 335 920 non
347 862 462 921 secundis
473 863 574 922 auribus
592 880 696 941 patrum
710 864 764 923 nudi

77 952 114 1005 est
130 946 228 1011 consul,
248 964 332 1021 quum
344 946 372 1001 in
384 947 437 1003 aede
451 945 560 1005 Bellonae
578 947 610 1002 de
629 946 731 1004 rebus
722 964 750 1003 sn

76 1030 181 1108 guribus
196 1028 272 1107 gellis
283 1026 417 1086 differerct
439 1026 648 1087 succlamationes
667 1026 763 1105 irequcu

75 1127 155 1176 erant,
180 1107 448 1204 interrogationesqun
482 1128 528 1169 cur
546 1108 637 1168 scelere
656 1110 763 1168 fratris

75 1195 170 1269 prcffos
184 1192 307 1271 Ligures'
300 1210 327 1248 ιιι
341 1188 484 1250 libertatem
499 1210 554 1249 non
566 1190 725 1250 restituill'et?
754 1195 763 1243 ι

75 1272 336 1337 mitiaconlularias
329 1290 450 1349 unquam
463 1272 547 1330 sclicla
562 1288 632 1331 erunt
650 1272 732 1335 diem,
750 1290 763 1329 ι

240 1356 310 1411 diem
329 1373 380 1412 ιιι.
419 1354 543 1413 Kalendas
562 1355 669 1412 Martius
686 1351 745 1410 sum

76 1415 143 1457 “³³³
155 1412 205 1465 ³³³·
240 1434 302 1494 bita.
320 1437 408 1493 Crcau
420 1436 543 1501 consules
566 1435 762 1495 P.LiciniusC:

75 1495 153 1599 ,οἳ
180 1516 291 1596 sus,
310 1516 454 1574 CCaffius
475 1519 621 1596 Longinus
656 1517 762 1574 Postero

163 1566 358 1675 oo’prutores
372 1596 462 1663 facil,-
473 1602 508 1659 C
525 1598 649 1674 Sulplcius
659 1596 749 1662 Galba

73 1681 164 1737 Funus
176 1678 270 1745 Philus
306 1680 489 1754 Leanulejus
502 1682 590 1746 Dives,
622 1683 655 1738 C.
670 1684 762 1737 Lucrct

72 1760 170 1825 Gallus,
194 1764 229 1821 C.
244 1762 367 1820 Caninius
389 1762 502 1827 Rebilus,
538 1768 570 1823 L.
588 1760 678 1820 Villius
698 1765 762 1819 Aoo:

74 1844 123 1901 His
134 1842 285 1919 praetoribus
297 1845 435 1920 provinciae
451 1845 571 1902 decrcrae:
600 1846 657 1902 duae
674 1844 732 1919 jure
751 1848 762 1901 l

72 1944 125 1982 mae
137 1927 255 1990 diceudo,
272 1926 401 2002 Hispania,
419 1930 447 1985 δι
460 1926 551 1991 Sicilia,
580 1931 608 1986 &
627 1926 751 1991 Surdinus

72 2009 119 2063 uni
134 2007 186 2065 sors
200 2010 298 2086 integra
310 2008 380 2074 effes,
395 2027 449 2084 quo
459 2007 559 2066 senatus
571 2006 710 2066 censuisset.
729 2008 761 2063 C«

73 2088 165 2146 sulibus
183 2090 317 2167 dcfignatis
338 2091 475 2164 imperavit
497 2090 605 2152 senatus,
634 2100 673 2151 ut,
700 2105 751 2163 qua

72 2170 252 2247 magistratum
264 2170 373 2233 iniffent,
390 2169 479 2226 hostiis
492 2170 634 2246 majosibus
646 2170 694 2226 rite
707 2176 761 2226 mni

70 2253 104 2308 tis
117 2267 276 2327 precarentur
281 2274 291 2317 ι
309 2266 339 2308 ut
352 2250 422 2327 quod
439 2249 532 2310 bellum
545 2250 653 2329 populus
668 2253 761 2309 Romu

71 2334 201 2390 inanimo
216 2333 316 2391 haberet
330 2351 428 2410 gerere,
451 2348 481 2391 ut
503 2334 530 2391 id
549 2332 699 2411 prosperum
719 2350 760 2390 cuc

70 2431 118 2476 ret.
157 2415 258 2474 Eodem
272 2412 553 2479 diedemvitsenatus,
570 2415 760 2491 C.Popilliuso

71 2496 109 2553 sul
121 2498 193 2554 ludos
209 2516 252 2573 per
264 2498 317 2555 dies
331 2496 422 2554 decem
442 2498 505 2575 Jovi
522 2502 589 2575 opt.
606 2502 677 2555 Max.
690 2512 760 2552 vove

69 2579 223 2655 donaque
201 2597 267 2637 cuca
284 2579 373 2638 omnia
390 2578 531 2655 pulvinaria
544 2576 611 2643 dari,
629 2578 649 2635 fi
668 2574 760 2651 respub

72 2661 164 2718 decem
184 2679 266 2719 annos
276 2662 303 2717 in
316 2659 409 2717 eodem
424 2662 488 2718 statu
501 2660 595 2719 fuisset.
640 2661 681 2717 Itu
693 2671 724 2715 ut
744 2676 759 2714 c

70 2741 211 2804 suerunt,
203 2762 230 2798 ιιι
245 2740 376 2820 Οιρίῑοῑίο
393 2743 466 2798 vovit
478 2742 568 2799 consul
586 2740 659 2799 ludos
675 2738 739 2800 fieri,
756 2764 760 2791 ι

69 2824 188 2900 narisque
206 2824 267 2887 dari,
287 2839 382 2900 quanta
399 2841 431 2879 cx
444 2824 552 2899 pecunia
562 2821 683 2882 decuisset
697 2818 759 2878 scuni

68 2924 153 2984 quum
173 2919 280 2965 centum
300 2910 329 2968 δι
349 2904 536 2984 quinquaginta
549 2923 606 2964 non
624 2905 712 2963 minus
732 2902 759 2959 ad

732 2980 758 3041 se
