<?xml version="1.0" encoding="UTF-8"?>
<!DOCTYPE html PUBLIC "-//W3C//DTD XHTML 1.0 Transitional//EN"
    "http://www.w3.org/TR/xhtml1/DTD/xhtml1-transitional.dtd">
<html xmlns="http://www.w3.org/1999/xhtml" xml:lang="en" lang="en">
 <head>
  <title>
</title>
<meta http-equiv="Content-Type" content="text/html;charset=utf-8" />
  <meta name='ocr-system' content='tesseract 3.04.00' />
  <meta name='ocr-capabilities' content='ocr_page ocr_carea ocr_par ocr_line ocrx_word'/>
</head>
<body>
  <div class='ocr_page' id='page_1' title='image "./tliviipatavinih00livygoog_0165.png"; bbox 0 0 1786 3352; ppageno 0'>
   <div class='ocr_carea' id='block_1_1' title="bbox 115 154 854 427">
    <p class='ocr_par' dir='ltr' id='par_1_1' title="bbox 115 154 854 427">
     <span class='ocr_line' id='line_1_1' title="bbox 123 154 620 223; baseline -0.004 0"><span class='ocrx_word' id='word_1_1' title='bbox 123 155 183 223; x_wconf 69' lang='lat'>168</span> <span class='ocrx_word' id='word_1_2' title='bbox 356 156 401 223; x_wconf 83' lang='grc' dir='ltr'>Τ.</span> <span class='ocrx_word' id='word_1_3' title='bbox 433 154 498 223; x_wconf 64' lang='lat'>121</span> <span class='ocrx_word' id='word_1_4' title='bbox 518 154 551 223; x_wconf 82' lang='lat' dir='ltr'>V</span> <span class='ocrx_word' id='word_1_5' title='bbox 571 154 585 221; x_wconf 92' lang='lat' dir='ltr'>l</span> <span class='ocrx_word' id='word_1_6' title='bbox 602 154 620 222; x_wconf 91' lang='lat'>-1</span> 
     </span>
     <span class='ocr_line' id='line_1_2' title="bbox 115 264 853 349; baseline -0.003 -18"><span class='ocrx_word' id='word_1_7' title='bbox 115 274 335 346; x_wconf 73' lang='lat' dir='ltr'>devilltmegm</span> <span class='ocrx_word' id='word_1_8' title='bbox 347 268 398 347; x_wconf 74' lang='lat' dir='ltr'>effe.</span> <span class='ocrx_word' id='word_1_9' title='bbox 421 268 492 326; x_wconf 86' lang='lat' dir='ltr'>Dein</span> <span class='ocrx_word' id='word_1_10' title='bbox 499 268 623 327; x_wconf 72' lang='lat' dir='ltr'>&#39;seminus</span> <span class='ocrx_word' id='word_1_11' title='bbox 630 264 781 331; x_wconf 80' lang='lat' dir='ltr'>&#39;inoebnlt:</span> <span class='ocrx_word' id='word_1_12' title='bbox 802 268 853 349; x_wconf 61' lang='lat' dir='ltr'>poss</span> 
     </span>
     <span class='ocr_line' id='line_1_3' title="bbox 116 348 854 427; baseline -0.001 -14"><span class='ocrx_word' id='word_1_13' title='bbox 116 352 213 413; x_wconf 77' lang='lat' dir='ltr'>stremd</span> <span class='ocrx_word' id='word_1_14' title='bbox 226 352 323 410; x_wconf 85' lang='lat' dir='ltr'>clamor</span> <span class='ocrx_word' id='word_1_15' title='bbox 338 348 495 427; x_wconf 78' lang='lat' dir='ltr'>plaususque,</span> <span class='ocrx_word' id='word_1_16' title='bbox 515 350 585 409; x_wconf 80' lang='lat' dir='ltr'>velut</span> <span class='ocrx_word' id='word_1_17' title='bbox 603 367 675 409; x_wconf 83' lang='lat' dir='ltr'>cetto</span> <span class='ocrx_word' id='word_1_18' title='bbox 693 354 792 411; x_wconf 86' lang='lat' dir='ltr'>nuncio</span> <span class='ocrx_word' id='word_1_19' title='bbox 812 356 854 412; x_wconf 81' lang='lat' dir='ltr'>vi·</span> 
     </span>
    </p>
   </div>
   <div class='ocr_carea' id='block_1_2' title="bbox 114 432 851 607">
    <p class='ocr_par' dir='ltr' id='par_1_2' title="bbox 114 432 851 607">
     <span class='ocr_line' id='line_1_4' title="bbox 115 432 850 511; baseline 0 -16"><span class='ocrx_word' id='word_1_20' title='bbox 115 436 207 495; x_wconf 71' lang='lat' dir='ltr'>notia</span> <span class='ocrx_word' id='word_1_21' title='bbox 221 433 302 497; x_wconf 85' lang='lat' dir='ltr'>allato,</span> <span class='ocrx_word' id='word_1_22' title='bbox 320 432 357 488; x_wconf 91' lang='lat' dir='ltr'>est</span> <span class='ocrx_word' id='word_1_23' title='bbox 371 444 484 491; x_wconf 85' lang='lat' dir='ltr'>exortus.</span> <span class='ocrx_word' id='word_1_24' title='bbox 523 434 611 491; x_wconf 80' lang='lat' dir='ltr'>Mirari</span> <span class='ocrx_word' id='word_1_25' title='bbox 630 434 802 511; x_wconf 78' lang='lat' dir='ltr'>magistratus,</span> <span class='ocrx_word' id='word_1_26' title='bbox 819 440 850 495; x_wconf 75' lang='lat' dir='ltr'>dt</span> 
     </span>
     <span class='ocr_line' id='line_1_5' title="bbox 114 513 851 607; baseline 0.001 -33"><span class='ocrx_word' id='word_1_27' title='bbox 114 535 225 597; x_wconf 83' lang='lat' dir='ltr'>quaerere</span> <span class='ocrx_word' id='word_1_28' title='bbox 235 515 370 572; x_wconf 80' lang='lat' dir='ltr'>audlorem</span> <span class='ocrx_word' id='word_1_29' title='bbox 382 516 522 607; x_wconf 80' lang='lat' dir='ltr'>tepentinae</span> <span class='ocrx_word' id='word_1_30' title='bbox 533 513 634 572; x_wconf 80' lang='lat' dir='ltr'>laetitiaet</span> <span class='ocrx_word' id='word_1_31' title='bbox 655 516 705 607; x_wconf 34' lang='lat' dir='ltr'>qui·</span> <span class='ocrx_word' id='word_1_32' title='bbox 712 518 851 595; x_wconf 83' lang='lat' dir='ltr'>postquam</span> 
     </span>
    </p>
   </div>
   <div class='ocr_carea' id='block_1_3' title="bbox 108 596 876 3036">
    <p class='ocr_par' dir='ltr' id='par_1_3' title="bbox 108 596 876 2698">
     <span class='ocr_line' id='line_1_6' title="bbox 114 596 876 673; baseline -0.003 -16"><span class='ocrx_word' id='word_1_33' title='bbox 114 598 197 657; x_wconf 84' lang='lat' dir='ltr'>nullus</span> <span class='ocrx_word' id='word_1_34' title='bbox 215 612 277 660; x_wconf 84' lang='lat' dir='ltr'>erat,</span> <span class='ocrx_word' id='word_1_35' title='bbox 304 610 406 653; x_wconf 76' lang='lat' dir='ltr'>euanuit</span> <span class='ocrx_word' id='word_1_36' title='bbox 426 596 531 672; x_wconf 88' lang='lat' dir='ltr'>quidem</span> <span class='ocrx_word' id='word_1_37' title='bbox 553 612 675 673; x_wconf 86' lang='lat' dir='ltr'>tanquam</span> <span class='ocrx_word' id='word_1_38' title='bbox 697 614 800 658; x_wconf 82' lang='lat' dir='ltr'>mcertae</span> <span class='ocrx_word' id='word_1_39' title='bbox 813 600 850 657; x_wconf 84' lang='lat' dir='ltr'>tei</span> <span class='ocrx_word' id='word_1_40' title='bbox 866 600 876 611; x_wconf 89' lang='lat'>&#39;&#39;</span> 
     </span>
     <span class='ocr_line' id='line_1_7' title="bbox 113 676 851 758; baseline 0.003 -22"><span class='ocrx_word' id='word_1_41' title='bbox 113 680 258 758; x_wconf 78' lang='lat' dir='ltr'>gaudium3</span> <span class='ocrx_word' id='word_1_42' title='bbox 293 695 373 733; x_wconf 90' lang='lat' dir='ltr'>omen</span> <span class='ocrx_word' id='word_1_43' title='bbox 392 688 481 735; x_wconf 86' lang='lat' dir='ltr'>tamen</span> <span class='ocrx_word' id='word_1_44' title='bbox 500 676 590 735; x_wconf 88' lang='lat' dir='ltr'>laetum</span> <span class='ocrx_word' id='word_1_45' title='bbox 612 676 733 736; x_wconf 83' lang='lat' dir='ltr'>insidebat</span> <span class='ocrx_word' id='word_1_46' title='bbox 747 680 851 739; x_wconf 75' lang='lat' dir='ltr'>animis.</span> 
     </span>
     <span class='ocr_line' id='line_1_8' title="bbox 112 756 850 844; baseline 0.005 -27"><span class='ocrx_word' id='word_1_47' title='bbox 112 762 192 844; x_wconf 81' lang='lat' dir='ltr'>Qtod</span> <span class='ocrx_word' id='word_1_48' title='bbox 207 763 343 838; x_wconf 82' lang='lat' dir='ltr'>postquam</span> <span class='ocrx_word' id='word_1_49' title='bbox 361 759 427 815; x_wconf 85' lang='lat' dir='ltr'>veris</span> <span class='ocrx_word' id='word_1_50' title='bbox 444 757 545 817; x_wconf 81' lang='lat' dir='ltr'>nunciis</span> <span class='ocrx_word' id='word_1_51' title='bbox 562 756 629 817; x_wconf 83' lang='lat' dir='ltr'>Fabii</span> <span class='ocrx_word' id='word_1_52' title='bbox 649 759 802 840; x_wconf 77' lang='lat' dir='ltr'>[catulique</span> <span class='ocrx_word' id='word_1_53' title='bbox 820 765 850 821; x_wconf 77' lang='lat' dir='ltr'>dt</span> 
     </span>
     <span class='ocr_line' id='line_1_9' title="bbox 115 840 850 925; baseline -0.001 -25"><span class='ocrx_word' id='word_1_54' title='bbox 115 842 210 903; x_wconf 83' lang='lat' dir='ltr'>Metelli</span> <span class='ocrx_word' id='word_1_55' title='bbox 230 844 341 900; x_wconf 86' lang='lat' dir='ltr'>adventu</span> <span class='ocrx_word' id='word_1_56' title='bbox 358 841 494 898; x_wconf 88' lang='lat' dir='ltr'>firmatum</span> <span class='ocrx_word' id='word_1_57' title='bbox 513 840 559 903; x_wconf 88' lang='lat' dir='ltr'>est,</span> <span class='ocrx_word' id='word_1_58' title='bbox 585 858 648 898; x_wconf 88' lang='lat' dir='ltr'>cum</span> <span class='ocrx_word' id='word_1_59' title='bbox 666 842 773 901; x_wconf 69' lang='lat' dir='ltr'>olitoria</span> <span class='ocrx_word' id='word_1_60' title='bbox 787 842 850 925; x_wconf 75' lang='lat' dir='ltr'>ipfi,</span> 
     </span>
     <span class='ocr_line' id='line_1_10' title="bbox 113 920 850 1003; baseline 0.003 -20"><span class='ocrx_word' id='word_1_61' title='bbox 113 940 173 983; x_wconf 89' lang='lat' dir='ltr'>tum</span> <span class='ocrx_word' id='word_1_62' title='bbox 195 926 302 1003; x_wconf 83' lang='lat' dir='ltr'>augurio</span> <span class='ocrx_word' id='word_1_63' title='bbox 321 922 470 980; x_wconf 82' lang='lat' dir='ltr'>animorum</span> <span class='ocrx_word' id='word_1_64' title='bbox 490 921 595 980; x_wconf 85' lang='lat' dir='ltr'>suntuna</span> <span class='ocrx_word' id='word_1_65' title='bbox 610 920 772 983; x_wconf 76' lang='lat' dir='ltr'>-laetahaueun</span> <span class='ocrx_word' id='word_1_66' title='bbox 814 930 850 985; x_wconf 84' lang='lat' dir='ltr'>Et</span> 
     </span>
     <span class='ocr_line' id='line_1_11' title="bbox 113 1000 849 1067; baseline 0.003 -2"><span class='ocrx_word' id='word_1_67' title='bbox 113 1008 184 1066; x_wconf 80' lang='lat' dir='ltr'>aliter</span> <span class='ocrx_word' id='word_1_68' title='bbox 202 1008 309 1063; x_wconf 82' lang='lat' dir='ltr'>traditur</span> <span class='ocrx_word' id='word_1_69' title='bbox 331 1005 457 1062; x_wconf 81' lang='lat' dir='ltr'>eircenfis</span> <span class='ocrx_word' id='word_1_70' title='bbox 478 1002 559 1061; x_wconf 86' lang='lat' dir='ltr'>turbae</span> <span class='ocrx_word' id='word_1_71' title='bbox 576 1020 631 1060; x_wconf 90' lang='lat' dir='ltr'>non</span> <span class='ocrx_word' id='word_1_72' title='bbox 651 1000 738 1063; x_wconf 76' lang='lat' dir='ltr'>minda</span> <span class='ocrx_word' id='word_1_73' title='bbox 755 1004 849 1067; x_wconf 77' lang='lat' dir='ltr'>sunilie</span> 
     </span>
     <span class='ocr_line' id='line_1_12' title="bbox 113 1086 849 1148; baseline 0 0"><span class='ocrx_word' id='word_1_74' title='bbox 113 1092 168 1148; x_wconf 88' lang='lat' dir='ltr'>veri</span> <span class='ocrx_word' id='word_1_75' title='bbox 190 1088 289 1147; x_wconf 78' lang='lat' dir='ltr'>laetitia:</span> <span class='ocrx_word' id='word_1_76' title='bbox 318 1086 464 1145; x_wconf 87' lang='lat' dir='ltr'>antediem</span> <span class='ocrx_word' id='word_1_77' title='bbox 485 1086 620 1145; x_wconf 91' lang='lat' dir='ltr'>decimum</span> <span class='ocrx_word' id='word_1_78' title='bbox 640 1086 746 1147; x_wconf 81' lang='lat' dir='ltr'><strong>Kalend.</strong></span> <span class='ocrx_word' id='word_1_79' title='bbox 761 1089 849 1148; x_wconf 74' lang='lat' dir='ltr'>Odio-</span> 
     </span>
     <span class='ocr_line' id='line_1_13' title="bbox 113 1166 848 1235; baseline 0 -6"><span class='ocrx_word' id='word_1_80' title='bbox 113 1172 178 1235; x_wconf 84' lang='lat' dir='ltr'>btes,</span> <span class='ocrx_word' id='word_1_81' title='bbox 201 1170 320 1227; x_wconf 87' lang='lat' dir='ltr'>ludorum</span> <span class='ocrx_word' id='word_1_82' title='bbox 337 1173 521 1226; x_wconf 82' lang='lat' dir='ltr'>Romanorum</span> <span class='ocrx_word' id='word_1_83' title='bbox 534 1166 646 1226; x_wconf 89' lang='lat' dir='ltr'>secundo</span> <span class='ocrx_word' id='word_1_84' title='bbox 661 1168 711 1233; x_wconf 85' lang='lat' dir='ltr'>die,</span> <span class='ocrx_word' id='word_1_85' title='bbox 728 1172 763 1227; x_wconf 81' lang='lat' dir='ltr'>C.</span> <span class='ocrx_word' id='word_1_86' title='bbox 779 1170 848 1231; x_wconf 75' lang='lat' dir='ltr'>uei·</span> 
     </span>
     <span class='ocr_line' id='line_1_14' title="bbox 112 1248 849 1329; baseline 0.001 -19"><span class='ocrx_word' id='word_1_87' title='bbox 112 1255 159 1311; x_wconf 90' lang='lat' dir='ltr'>nio</span> <span class='ocrx_word' id='word_1_88' title='bbox 172 1251 277 1314; x_wconf 90' lang='lat' dir='ltr'>consuli,</span> <span class='ocrx_word' id='word_1_89' title='bbox 295 1252 326 1308; x_wconf 84' lang='lat' dir='ltr'>ad</span> <span class='ocrx_word' id='word_1_90' title='bbox 341 1251 476 1329; x_wconf 73' lang='lat' dir='ltr'>quadrigas</span> <span class='ocrx_word' id='word_1_91' title='bbox 487 1250 625 1307; x_wconf 82' lang='lat' dir='ltr'>mittendas</span> <span class='ocrx_word' id='word_1_92' title='bbox 638 1248 791 1316; x_wconf 81' lang='lat' dir='ltr'>escendenti,</span> <span class='ocrx_word' id='word_1_93' title='bbox 808 1266 849 1311; x_wconf 83' lang='lat' dir='ltr'>ta·</span> 
     </span>
     <span class='ocr_line' id='line_1_15' title="bbox 111 1331 847 1410; baseline -0.001 -17"><span class='ocrx_word' id='word_1_94' title='bbox 111 1334 233 1400; x_wconf 76' lang='lat' dir='ltr'>bellonius,</span> <span class='ocrx_word' id='word_1_95' title='bbox 245 1334 291 1410; x_wconf 91' lang='lat' dir='ltr'>qui</span> <span class='ocrx_word' id='word_1_96' title='bbox 304 1331 329 1389; x_wconf 92' lang='lat' dir='ltr'>se</span> <span class='ocrx_word' id='word_1_97' title='bbox 340 1351 372 1389; x_wconf 87' lang='lat' dir='ltr'>ex</span> <span class='ocrx_word' id='word_1_98' title='bbox 387 1332 538 1390; x_wconf 83' lang='lat' dir='ltr'>Macedonia</span> <span class='ocrx_word' id='word_1_99' title='bbox 551 1332 637 1390; x_wconf 83' lang='lat' dir='ltr'>venire</span> <span class='ocrx_word' id='word_1_100' title='bbox 647 1332 752 1399; x_wconf 85' lang='lat' dir='ltr'>diceret,</span> <span class='ocrx_word' id='word_1_101' title='bbox 764 1333 780 1369; x_wconf 70' lang='lat' dir='ltr'>*l</span> <span class='ocrx_word' id='word_1_102' title='bbox 790 1331 847 1393; x_wconf 83' lang='lat' dir='ltr'>lau·</span> 
     </span>
     <span class='ocr_line' id='line_1_16' title="bbox 110 1412 847 1490; baseline -0.003 -15"><span class='ocrx_word' id='word_1_103' title='bbox 110 1434 191 1475; x_wconf 82' lang='lat' dir='ltr'>reatas</span> <span class='ocrx_word' id='word_1_104' title='bbox 202 1418 283 1473; x_wconf 79' lang='lat' dir='ltr'>literas</span> <span class='ocrx_word' id='word_1_105' title='bbox 294 1414 394 1472; x_wconf 81' lang='lat' dir='ltr'>dicinar.</span> <span class='ocrx_word' id='word_1_106' title='bbox 405 1414 533 1490; x_wconf 68' lang='lat' dir='ltr'>quadrigis</span> <span class='ocrx_word' id='word_1_107' title='bbox 546 1412 627 1471; x_wconf 86' lang='lat' dir='ltr'>missas</span> <span class='ocrx_word' id='word_1_108' title='bbox 640 1414 728 1473; x_wconf 85' lang='lat' dir='ltr'>consul</span> <span class='ocrx_word' id='word_1_109' title='bbox 738 1433 847 1473; x_wconf 83' lang='lat' dir='ltr'>currum</span> 
     </span>
     <span class='ocr_line' id='line_1_17' title="bbox 112 1494 847 1569; baseline 0.001 -14"><span class='ocrx_word' id='word_1_110' title='bbox 112 1497 281 1555; x_wconf 83' lang='lat' dir='ltr'>conscendit:</span> <span class='ocrx_word' id='word_1_111' title='bbox 299 1500 335 1559; x_wconf 89' lang='lat'>&amp;‚</span> <span class='ocrx_word' id='word_1_112' title='bbox 354 1512 437 1569; x_wconf 92' lang='lat' dir='ltr'>quum</span> <span class='ocrx_word' id='word_1_113' title='bbox 456 1512 499 1569; x_wconf 84' lang='lat' dir='ltr'>per</span> <span class='ocrx_word' id='word_1_114' title='bbox 519 1495 617 1552; x_wconf 88' lang='lat' dir='ltr'>circum</span> <span class='ocrx_word' id='word_1_115' title='bbox 636 1494 796 1556; x_wconf 84' lang='lat' dir='ltr'>reveheretur</span> <span class='ocrx_word' id='word_1_116' title='bbox 813 1497 847 1555; x_wconf 88' lang='lat' dir='ltr'>ad</span> 
     </span>
     <span class='ocr_line' id='line_1_18' title="bbox 108 1572 848 1655; baseline 0.005 -20"><span class='ocrx_word' id='word_1_117' title='bbox 108 1580 183 1636; x_wconf 81' lang='lat' dir='ltr'>foros</span> <span class='ocrx_word' id='word_1_118' title='bbox 206 1576 329 1655; x_wconf 87' lang='lat' dir='ltr'>publicos,</span> <span class='ocrx_word' id='word_1_119' title='bbox 356 1574 475 1633; x_wconf 86' lang='lat' dir='ltr'>laureatas</span> <span class='ocrx_word' id='word_1_120' title='bbox 496 1572 595 1633; x_wconf 85' lang='lat' dir='ltr'>tabellas</span> <span class='ocrx_word' id='word_1_121' title='bbox 609 1576 707 1655; x_wconf 88' lang='lat' dir='ltr'>populo</span> <span class='ocrx_word' id='word_1_122' title='bbox 728 1578 848 1649; x_wconf 82' lang='lat' dir='ltr'>ostendit.</span> 
     </span>
     <span class='ocr_line' id='line_1_19' title="bbox 111 1652 848 1737; baseline -0.001 -21"><span class='ocrx_word' id='word_1_123' title='bbox 111 1659 212 1737; x_wconf 84' lang='lat' dir='ltr'>Quibus</span> <span class='ocrx_word' id='word_1_124' title='bbox 237 1655 390 1734; x_wconf 61' lang='lat' dir='ltr'>conspectis,</span> <span class='ocrx_word' id='word_1_125' title='bbox 419 1652 525 1734; x_wconf 69' lang='lat' dir='ltr'>repenti</span> <span class='ocrx_word' id='word_1_126' title='bbox 544 1657 689 1715; x_wconf 87' lang='lat' dir='ltr'>immemor</span> <span class='ocrx_word' id='word_1_127' title='bbox 708 1656 848 1735; x_wconf 67' lang='lat' dir='ltr'>spedaculi</span> 
     </span>
     <span class='ocr_line' id='line_1_20' title="bbox 108 1736 847 1819; baseline 0.004 -21"><span class='ocrx_word' id='word_1_128' title='bbox 108 1741 219 1819; x_wconf 88' lang='lat' dir='ltr'>populus</span> <span class='ocrx_word' id='word_1_129' title='bbox 236 1743 265 1800; x_wconf 87' lang='lat' dir='ltr'>in</span> <span class='ocrx_word' id='word_1_130' title='bbox 285 1738 403 1797; x_wconf 85' lang='lat' dir='ltr'>medium</span> <span class='ocrx_word' id='word_1_131' title='bbox 420 1737 539 1797; x_wconf 82' lang='lat' dir='ltr'>decurrit.</span> <span class='ocrx_word' id='word_1_132' title='bbox 567 1736 600 1797; x_wconf 88' lang='lat' dir='ltr'>ed</span> <span class='ocrx_word' id='word_1_133' title='bbox 616 1738 735 1798; x_wconf 81' lang='lat' dir='ltr'>senatum</span> <span class='ocrx_word' id='word_1_134' title='bbox 755 1740 847 1801; x_wconf 84' lang='lat' dir='ltr'>consul</span> 
     </span>
     <span class='ocr_line' id='line_1_21' title="bbox 111 1820 847 1899; baseline 0.003 -19"><span class='ocrx_word' id='word_1_135' title='bbox 111 1827 224 1890; x_wconf 83' lang='lat' dir='ltr'>vocavit,</span> <span class='ocrx_word' id='word_1_136' title='bbox 245 1820 404 1899; x_wconf 88' lang='lat' dir='ltr'>recitatisque</span> <span class='ocrx_word' id='word_1_137' title='bbox 410 1820 513 1886; x_wconf 78' lang='lat' dir='ltr'>tabellis,</span> <span class='ocrx_word' id='word_1_138' title='bbox 532 1840 564 1879; x_wconf 88' lang='lat' dir='ltr'>ex</span> <span class='ocrx_word' id='word_1_139' title='bbox 576 1822 727 1881; x_wconf 71' lang='lat' dir='ltr'>austoritate</span> <span class='ocrx_word' id='word_1_140' title='bbox 740 1824 847 1882; x_wconf 75' lang='lat' dir='ltr'>Petrum</span> 
     </span>
     <span class='ocr_line' id='line_1_22' title="bbox 112 1903 843 1984; baseline 0 -21"><span class='ocrx_word' id='word_1_141' title='bbox 112 1927 160 1984; x_wconf 86' lang='lat' dir='ltr'>pro</span> <span class='ocrx_word' id='word_1_142' title='bbox 177 1908 239 1965; x_wconf 87' lang='lat' dir='ltr'>foris</span> <span class='ocrx_word' id='word_1_143' title='bbox 255 1904 361 1984; x_wconf 86' lang='lat' dir='ltr'>publicis</span> <span class='ocrx_word' id='word_1_144' title='bbox 378 1905 541 1963; x_wconf 83' lang='lat' dir='ltr'>denunciavit</span> <span class='ocrx_word' id='word_1_145' title='bbox 561 1903 679 1983; x_wconf 82' lang='lat' dir='ltr'>populo:</span> <span class='ocrx_word' id='word_1_146' title='bbox 709 1908 743 1965; x_wconf 91' lang='lat' dir='ltr'>L.</span> <span class='ocrx_word' id='word_1_147' title='bbox 757 1906 843 1963; x_wconf 84' lang='lat' dir='ltr'>AEmi·</span> 
     </span>
     <span class='ocr_line' id='line_1_23' title="bbox 111 1984 845 2068; baseline -0.003 -21"><span class='ocrx_word' id='word_1_148' title='bbox 111 1991 176 2047; x_wconf 90' lang='lat' dir='ltr'>lium</span> <span class='ocrx_word' id='word_1_149' title='bbox 190 1989 316 2068; x_wconf 87' lang='lat' dir='ltr'>collegam</span> <span class='ocrx_word' id='word_1_150' title='bbox 328 1987 406 2065; x_wconf 80' lang='lat' dir='ltr'>lignis</span> <span class='ocrx_word' id='word_1_151' title='bbox 419 1984 516 2045; x_wconf 85' lang='lat' dir='ltr'>collatis</span> <span class='ocrx_word' id='word_1_152' title='bbox 528 2006 591 2045; x_wconf 87' lang='lat' dir='ltr'>cum</span> <span class='ocrx_word' id='word_1_153' title='bbox 605 2006 666 2067; x_wconf 85' lang='lat' dir='ltr'>tege</span> <span class='ocrx_word' id='word_1_154' title='bbox 675 1986 765 2045; x_wconf 84' lang='lat' dir='ltr'>Perseo</span> <span class='ocrx_word' id='word_1_155' title='bbox 777 2006 845 2067; x_wconf 85' lang='lat' dir='ltr'>pug-</span> 
     </span>
     <span class='ocr_line' id='line_1_24' title="bbox 111 2067 844 2148; baseline -0.003 -19"><span class='ocrx_word' id='word_1_156' title='bbox 111 2073 197 2135; x_wconf 70' lang='lat' dir='ltr'>nalfl&#39;c3</span> <span class='ocrx_word' id='word_1_157' title='bbox 221 2071 395 2129; x_wconf 82' lang='lat' dir='ltr'>Macedonum</span> <span class='ocrx_word' id='word_1_158' title='bbox 415 2070 556 2127; x_wconf 86' lang='lat' dir='ltr'>exercitum</span> <span class='ocrx_word' id='word_1_159' title='bbox 574 2068 672 2127; x_wconf 84' lang='lat' dir='ltr'>caesum</span> <span class='ocrx_word' id='word_1_160' title='bbox 688 2067 844 2148; x_wconf 77' lang='lat' dir='ltr'>fusumque3</span> 
     </span>
     <span class='ocr_line' id='line_1_25' title="bbox 110 2150 844 2231; baseline 0 -22"><span class='ocrx_word' id='word_1_161' title='bbox 110 2173 201 2231; x_wconf 80' lang='lat' dir='ltr'>regem</span> <span class='ocrx_word' id='word_1_162' title='bbox 218 2171 280 2210; x_wconf 92' lang='lat' dir='ltr'>cum</span> <span class='ocrx_word' id='word_1_163' title='bbox 294 2152 382 2227; x_wconf 79' lang='lat' dir='ltr'>paucis</span> <span class='ocrx_word' id='word_1_164' title='bbox 394 2150 500 2227; x_wconf 82' lang='lat' dir='ltr'>fugiffe;</span> <span class='ocrx_word' id='word_1_165' title='bbox 519 2150 634 2208; x_wconf 83' lang='lat' dir='ltr'>civitates</span> <span class='ocrx_word' id='word_1_166' title='bbox 647 2169 741 2209; x_wconf 84' lang='lat' dir='ltr'>omnes</span> <span class='ocrx_word' id='word_1_167' title='bbox 757 2154 844 2209; x_wconf 87' lang='lat' dir='ltr'>Mace·</span> 
     </span>
     <span class='ocr_line' id='line_1_26' title="bbox 111 2231 844 2308; baseline -0.001 -18"><span class='ocrx_word' id='word_1_168' title='bbox 111 2235 195 2291; x_wconf 86' lang='lat' dir='ltr'>doniae</span> <span class='ocrx_word' id='word_1_169' title='bbox 214 2235 241 2289; x_wconf 91' lang='lat' dir='ltr'>in</span> <span class='ocrx_word' id='word_1_170' title='bbox 260 2234 383 2290; x_wconf 88' lang='lat' dir='ltr'>ditionem</span> <span class='ocrx_word' id='word_1_171' title='bbox 401 2231 494 2308; x_wconf 89' lang='lat' dir='ltr'>populi</span> <span class='ocrx_word' id='word_1_172' title='bbox 512 2233 630 2289; x_wconf 87' lang='lat' dir='ltr'>Romani</span> <span class='ocrx_word' id='word_1_173' title='bbox 649 2232 752 2292; x_wconf 83' lang='lat' dir='ltr'>venisse.</span> <span class='ocrx_word' id='word_1_174' title='bbox 795 2234 844 2291; x_wconf 85' lang='lat' dir='ltr'>His</span> 
     </span>
     <span class='ocr_line' id='line_1_27' title="bbox 111 2312 843 2392; baseline -0.001 -20"><span class='ocrx_word' id='word_1_175' title='bbox 111 2317 210 2377; x_wconf 82' lang='lat' dir='ltr'>auditis,</span> <span class='ocrx_word' id='word_1_176' title='bbox 229 2314 326 2371; x_wconf 86' lang='lat' dir='ltr'>clamor</span> <span class='ocrx_word' id='word_1_177' title='bbox 339 2332 401 2370; x_wconf 93' lang='lat' dir='ltr'>cum</span> <span class='ocrx_word' id='word_1_178' title='bbox 416 2314 512 2392; x_wconf 82' lang='lat' dir='ltr'>ingenti</span> <span class='ocrx_word' id='word_1_179' title='bbox 524 2312 611 2389; x_wconf 86' lang='lat' dir='ltr'>plausu</span> <span class='ocrx_word' id='word_1_180' title='bbox 620 2330 706 2375; x_wconf 79' lang='lat' dir='ltr'>ornus:</span> <span class='ocrx_word' id='word_1_181' title='bbox 727 2313 843 2373; x_wconf 74' lang='lat' dir='ltr'>ludicre·</span> 
     </span>
     <span class='ocr_line' id='line_1_28' title="bbox 111 2394 844 2475; baseline 0.001 -22"><span class='ocrx_word' id='word_1_182' title='bbox 111 2398 187 2459; x_wconf 72' lang='lat' dir='ltr'>lictis,</span> <span class='ocrx_word' id='word_1_183' title='bbox 211 2396 307 2453; x_wconf 90' lang='lat' dir='ltr'>domos</span> <span class='ocrx_word' id='word_1_184' title='bbox 323 2414 419 2473; x_wconf 86' lang='lat' dir='ltr'>magna</span> <span class='ocrx_word' id='word_1_185' title='bbox 434 2414 491 2471; x_wconf 80' lang='lat' dir='ltr'>pars</span> <span class='ocrx_word' id='word_1_186' title='bbox 507 2394 647 2454; x_wconf 91' lang='lat' dir='ltr'>hominum</span> <span class='ocrx_word' id='word_1_187' title='bbox 667 2396 699 2455; x_wconf 86' lang='lat' dir='ltr'>ad</span> <span class='ocrx_word' id='word_1_188' title='bbox 717 2398 844 2475; x_wconf 87' lang='lat' dir='ltr'>conjuges</span> 
     </span>
     <span class='ocr_line' id='line_1_29' title="bbox 110 2478 845 2554; baseline 0.003 -21"><span class='ocrx_word' id='word_1_189' title='bbox 110 2478 251 2554; x_wconf 83' lang='lat' dir='ltr'>liberosque</span> <span class='ocrx_word' id='word_1_190' title='bbox 264 2478 350 2536; x_wconf 80' lang='lat' dir='ltr'>laetum</span> <span class='ocrx_word' id='word_1_191' title='bbox 364 2479 489 2535; x_wconf 90' lang='lat' dir='ltr'>nuncium</span> <span class='ocrx_word' id='word_1_192' title='bbox 504 2478 645 2554; x_wconf 80' lang='lat' dir='ltr'>portabant.</span> <span class='ocrx_word' id='word_1_193' title='bbox 684 2480 788 2537; x_wconf 86' lang='lat' dir='ltr'>Tertius</span> <span class='ocrx_word' id='word_1_194' title='bbox 800 2479 845 2535; x_wconf 92' lang='lat' dir='ltr'>de·</span> 
     </span>
     <span class='ocr_line' id='line_1_30' title="bbox 112 2558 842 2640; baseline -0.001 -23"><span class='ocrx_word' id='word_1_195' title='bbox 112 2562 196 2617; x_wconf 85' lang='lat' dir='ltr'>cimus</span> <span class='ocrx_word' id='word_1_196' title='bbox 214 2561 265 2616; x_wconf 91' lang='lat' dir='ltr'>dies</span> <span class='ocrx_word' id='word_1_197' title='bbox 282 2576 334 2618; x_wconf 88' lang='lat' dir='ltr'>erat</span> <span class='ocrx_word' id='word_1_198' title='bbox 353 2558 439 2624; x_wconf 89' lang='lat' dir='ltr'>abeo,</span> <span class='ocrx_word' id='word_1_199' title='bbox 460 2577 515 2638; x_wconf 92' lang='lat' dir='ltr'>quo</span> <span class='ocrx_word' id='word_1_200' title='bbox 528 2560 555 2615; x_wconf 93' lang='lat' dir='ltr'>in</span> <span class='ocrx_word' id='word_1_201' title='bbox 576 2560 727 2618; x_wconf 82' lang='lat' dir='ltr'>Macedonia</span> <span class='ocrx_word' id='word_1_202' title='bbox 744 2578 842 2640; x_wconf 74' lang='lat' dir='ltr'>pugna·</span> 
     </span>
     <span class='ocr_line' id='line_1_31' title="bbox 112 2642 230 2698; baseline -0.008 0"><span class='ocrx_word' id='word_1_203' title='bbox 112 2656 171 2698; x_wconf 87' lang='lat' dir='ltr'>tum</span> <span class='ocrx_word' id='word_1_204' title='bbox 185 2642 230 2698; x_wconf 90' lang='lat' dir='ltr'>est.</span> 
     </span>
    </p>

    <p class='ocr_par' dir='ltr' id='par_1_4' title="bbox 111 2719 844 3036">
     <span class='ocr_line' id='line_1_32' title="bbox 152 2719 844 2800; baseline 0.003 -22"><span class='ocrx_word' id='word_1_205' title='bbox 152 2725 188 2781; x_wconf 87' lang='lat' dir='ltr'>Il.</span> <span class='ocrx_word' id='word_1_206' title='bbox 212 2722 315 2780; x_wconf 85' lang='lat' dir='ltr'>Postero</span> <span class='ocrx_word' id='word_1_207' title='bbox 331 2724 372 2781; x_wconf 90' lang='lat' dir='ltr'>die</span> <span class='ocrx_word' id='word_1_208' title='bbox 383 2720 481 2780; x_wconf 84' lang='lat' dir='ltr'>senatus</span> <span class='ocrx_word' id='word_1_209' title='bbox 496 2722 523 2779; x_wconf 92' lang='lat' dir='ltr'>in</span> <span class='ocrx_word' id='word_1_210' title='bbox 539 2724 607 2780; x_wconf 86' lang='lat' dir='ltr'>curia</span> <span class='ocrx_word' id='word_1_211' title='bbox 620 2720 728 2785; x_wconf 85' lang='lat' dir='ltr'>habitus,</span> <span class='ocrx_word' id='word_1_212' title='bbox 748 2719 844 2800; x_wconf 89' lang='lat' dir='ltr'>suppli·</span> 
     </span>
     <span class='ocr_line' id='line_1_33' title="bbox 111 2801 842 2880; baseline 0 -19"><span class='ocrx_word' id='word_1_213' title='bbox 111 2803 272 2880; x_wconf 78' lang='lat' dir='ltr'>canonesque</span> <span class='ocrx_word' id='word_1_214' title='bbox 290 2806 406 2863; x_wconf 75' lang='lat' dir='ltr'>denetae.</span> <span class='ocrx_word' id='word_1_215' title='bbox 430 2809 458 2863; x_wconf 74' lang='lat' dir='ltr'>dt</span> <span class='ocrx_word' id='word_1_216' title='bbox 477 2801 717 2863; x_wconf 76' lang='lat' dir='ltr'>smanscoasultum</span> <span class='ocrx_word' id='word_1_217' title='bbox 739 2806 842 2861; x_wconf 76' lang='lat' dir='ltr'>iadtum</span> 
     </span>
     <span class='ocr_line' id='line_1_34' title="bbox 111 2883 843 3036; baseline 0.001 -93"><span class='ocrx_word' id='word_1_218' title='bbox 111 2888 157 2951; x_wconf 83' lang='lat' dir='ltr'>cst,</span> <span class='ocrx_word' id='word_1_219' title='bbox 177 2902 205 2946; x_wconf 92' lang='lat' dir='ltr'>ut</span> <span class='ocrx_word' id='word_1_220' title='bbox 224 2885 319 2953; x_wconf 85' lang='lat' dir='ltr'>consul,</span> <span class='ocrx_word' id='word_1_221' title='bbox 344 2904 412 2970; x_wconf 80' lang='lat' dir='ltr'>quos</span> <span class='ocrx_word' id='word_1_222' title='bbox 427 2900 518 2965; x_wconf 61' lang='lat' dir='ltr'>praet</span> <span class='ocrx_word' id='word_1_223' title='bbox 533 2884 627 2945; x_wconf 85' lang='lat' dir='ltr'>milites</span> <span class='ocrx_word' id='word_1_224' title='bbox 645 2883 777 2965; x_wconf 84' lang='lat' dir='ltr'>sociosque</span> <span class='ocrx_word' id='word_1_225' title='bbox 795 2904 843 3036; x_wconf 50' lang='lat' dir='ltr'>ig</span> 
     </span>
    </p>

    <p class='ocr_par' dir='ltr' id='par_1_5' title="bbox 779 2984 795 3028">
     <span class='ocr_line' id='line_1_35' title="bbox 779 2984 795 3028; baseline 0 0"><span class='ocrx_word' id='word_1_226' title='bbox 779 2984 795 3028; x_wconf 75' lang='lat' dir='ltr'>V</span> 
     </span>
    </p>
   </div>
   <div class='ocr_carea' id='block_1_4' title="bbox 0 0 898 3352">
    <p class='ocr_par' dir='ltr' id='par_1_6' title="bbox 0 0 898 3352">
     <span class='ocr_line' id='line_1_36' title="bbox 0 0 898 3352; baseline 0 1"><span class='ocrx_word' id='word_1_227' title='bbox 0 0 898 3352; x_wconf 95' lang='lat' dir='ltr'> </span> 
     </span>
    </p>
   </div>
  </div>
 </body>
</html>
