1786 3352
44 346 119 413 .44
306 324 579 393 unium

74 450 155 493 tatem
173 431 350 513 experirentur.
395 436 496 494 Roeofis
516 426 708 511 exprobratum,¹
728 429 813 491 socie·

76 529 157 575 tatem
171 535 216 574 eos
233 534 297 575 cum
312 515 402 577 Perseo
413 514 536 592 junxiffe.-
548 517 588 580 iis,
607 534 690 593 quum
704 514 811 591 culpam

76 599 103 655 in
118 598 258 657 lfineniam
278 600 422 675 principem
440 598 541 658 alterius
562 599 640 675 partit
656 595 812 661 conferent.

78 683 106 738 δι
119 680 241 757 quasdam
255 681 369 739 civitates
381 679 553 739 diffinientes
565 682 593 737 iu
607 679 719 738 ctuil‘tm
731 677 813 737 dedu·

78 761 142 826 stas,
167 763 341 838 appariturum
353 763 380 820 id
391 762 450 827 effe,
467 763 580 822 Mucius
593 759 738 836 respondit:
760 758 813 819 sut·

79 842 147 922 gulis
166 846 237 901 enim
258 844 402 904 civitatibus
419 844 451 901 de
463 840 490 901 se
502 844 563 921 ipsis
575 841 721 903 consulendi
737 854 815 916 pote·

77 926 171 984 statem
191 925 314 987 inituros.
352 925 532 987 Thessalorum
550 925 652 985 Lasiffae
660 923 709 981 fuit
722 923 814 981 conci·

77 1004 153 1065 lium.
166 1006 199 1063 ibi
215 1011 243 1066 &
257 1006 377 1067 Thelialit
387 1007 499 1089 benigm
513 1007 619 1065 materia
630 1006 721 1084 gratias
734 1022 815 1082 agen-

79 1087 106 1144 di
123 1091 252 1146 Romanis
269 1110 318 1166 pto
329 1089 449 1148 libertatis
465 1108 575 1148 munere
590 1088 654 1147 fuit:
673 1092 702 1147 &
716 1086 815 1164 legati&

79 1168 158 1245 quod,
172 1175 199 1228 δε
215 1168 325 1248 Philippi
335 1168 404 1249 peiles
416 1170 507 1248 &omi
518 1169 641 1229 Antiochi
648 1168 723 1233 bello,
738 1164 816 1226 enixe
846 1178 853 1187 ‘

79 1252 162 1326 adjuti
173 1248 187 1308 i
200 1268 276 1329 gente
285 1253 461 1313 Thefftlorum
475 1252 563 1313 effent.
575 1251 625 1310 hac
635 1265 728 1309 mutua
736 1266 815 1307 oom-

78 1334 270 1393 memoratione
288 1337 443 1395 meritorum
459 1335 558 1395 accenfi
571 1334 654 1392 animi
669 1329 815 1391 multitudi-

80 1414 119 1471 nis
130 1415 161 1471 ad
175 1417 265 1474 omnia
276 1418 443 1482 decernenda,
454 1435 517 1492 quat·
523 1415 640 1474 Romani
651 1413 753 1473 vellent.
770 1416 815 1469 So-

80 1497 197 1554 cundum
212 1497 264 1557 hoc
284 1499 419 1557 confilium
434 1497 510 1574 legati
529 1494 545 1554 l
561 1495 653 1553 Perseo
665 1513 725 1572 tege
736 1510 817 1552 vene·

80 1592 147 1643 runt,
169 1581 262 1655 privati
278 1577 395 1639 maxime
411 1577 513 1656 hospitii
527 1578 627 1641 fiducia,
644 1575 715 1654 quod
728 1576 753 1633 ei
771 1593 817 1651 pt-

81 1674 185 1717 ternum
204 1679 268 1718 cum
287 1664 388 1720 Marcio
400 1676 461 1723 erat.
500 1658 541 1716 Ab
556 1657 635 1732 hujus
654 1654 817 1715 neceffitudi·

81 1742 122 1797 nis
138 1744 392 1801 commemoratione
405 1741 463 1804 orsn
482 1741 608 1816 petierunt
619 1736 704 1816 legati,
722 1737 750 1793 in
762 1735 818 1795 col·

80 1820 201 1898 loquium
214 1825 331 1881 veniendi
341 1825 397 1902 regi
409 1822 563 1901 potestatem
575 1818 677 1878 facemt.
705 1818 818 1875 Marcius

84 1902 119 1969 όν
133 1905 163 1979 se
177 1904 215 1960 ita
230 1904 251 1965 ei
267 1918 338 1981 patre
350 1908 399 1982 suo
413 1901 519 1979 aecepeffe
531 1903 603 1963 dixit,
622 1901 761 1957 amicitiem
774 1896 819 1955 bo·

75 1986 231 2063 spitiumqeee
242 2007 301 2043 cum
313 1986 417 2064 Philippo
431 1984 514 2061 fiee'ffe.
534 1984 635 2042 minine
648 1984 817 2038 immemorem

82 2069 253 2141 necfftudinis
263 2072 325 2147 ejus,
340 2069 485 2142 legationem
499 2084 555 2123 eam
568 2061 703 2141 suscepeffe.
739 2059 819 2119 Collo·

82 2150 180 2226 quium,
194 2147 224 2223 fi
230 2149 296 2223 fietis
313 2150 434 2207 commodi
450 2148 557 2212 ualeret,
576 2164 623 2203 nm
635 2144 710 2221 fuiffe
724 2144 818 2200 dilma-

83 2248 159 2287 rum:
177 2250 251 2294 nune,
269 2230 314 2289 ubi
325 2228 434 2308 primitm
443 2230 523 2306 peffet,
542 2230 578 2285 ad
587 2236 694 2284 Peneum
707 2222 819 2301 flamm.

84 2330 136 2388 qua
156 2311 275 2388 tranfitus
291 2312 325 2369 ab
341 2313 434 2369 omelia
452 2313 533 2367 Dium
550 2304 613 2382 effer,
637 2307 756 2384 premtffie
772 2306 818 2384 qui

84 2397 228 2451 nunciarent
238 2396 299 2477 regi,
318 2408 443 2450 venturos.

127 2477 260 2533 XXXIX.
287 2479 320 2533 Et
342 2491 401 2534 tum
422 2472 527 2552 quidem
549 2471 581 2529 ab
598 2469 656 2529 Dio
670 2467 771 2526 Perseus
791 2466 820 2527 in

85 2559 204 2617 interiora
224 2556 298 2634 tegni
316 2558 411 2634 recepit
431 2554 466 2621 se,
491 2554 540 2612 levi
558 2571 616 2611 ama
638 2551 687 2627 spei
707 2549 820 2625 obieeta.

85 2638 154 2718 quod
169 2638 281 2697 Marcius
293 2638 369 2715 ipfius
382 2638 464 2697 caulia
479 2634 609 2713 suscepisse
622 2631 647 2690 se
664 2631 820 2709 legationem

86 2721 193 2783 dixiffet.
232 2721 292 2779 Post
312 2721 365 2779 dies
382 2738 477 2798 paucos
496 2719 527 2777 ad
544 2716 715 2776 constitutum
729 2712 820 2771 locum

86 2814 221 2861 venerunt.
259 2805 371 2882 Magnus
398 2802 537 2861 comitatus
560 2798 609 2857 fuit
633 2796 727 2872 regius,
756 2814 821 2855 cum

87 2887 235 2943 amicorum
251 2897 310 2941 tum
324 2881 457 2944 satellitum
475 2882 549 2941 turba
564 2880 681 2955 stipante.
700 2893 755 2932 non
769 2878 821 2933 mi·

88 2985 152 3024 note
166 2967 270 3044 agmine
284 2966 359 3046 legati
380 2978 515 3027 venerunt,
533 2967 561 3022 &
579 2961 612 3020 ab
628 2954 721 3017 Lniffa
734 2957 823 3017 multis

88 3046 305 3130 prolequentibus,
336 3053 365 3112 δι
383 3043 552 3132 legationibus
573 3041 727 3105 civitatum,
763 3058 823 3114 quae

757 3138 822 3178 con·
