<?xml version="1.0" encoding="UTF-8"?>
<!DOCTYPE html PUBLIC "-//W3C//DTD XHTML 1.0 Transitional//EN"
    "http://www.w3.org/TR/xhtml1/DTD/xhtml1-transitional.dtd">
<html xmlns="http://www.w3.org/1999/xhtml" xml:lang="en" lang="en">
 <head>
  <title>
</title>
<meta http-equiv="Content-Type" content="text/html;charset=utf-8" />
  <meta name='ocr-system' content='tesseract 3.04.00' />
  <meta name='ocr-capabilities' content='ocr_page ocr_carea ocr_par ocr_line ocrx_word'/>
</head>
<body>
  <div class='ocr_page' id='page_1' title='image "./tliviipatavinih00livygoog_0171.png"; bbox 0 0 1786 3352; ppageno 0'>
   <div class='ocr_carea' id='block_1_1' title="bbox 86 157 852 2894">
    <p class='ocr_par' dir='ltr' id='par_1_1' title="bbox 86 157 852 2894">
     <span class='ocr_line' id='line_1_1' title="bbox 107 157 668 250; baseline 0.002 -15"><span class='ocrx_word' id='word_1_1' title='bbox 107 171 163 250; x_wconf 83' lang='lat'>176</span> <span class='ocrx_word' id='word_1_2' title='bbox 336 169 380 235; x_wconf 88' lang='lat' dir='ltr'>T.</span> <span class='ocrx_word' id='word_1_3' title='bbox 414 157 668 236; x_wconf 59' lang='lat' dir='ltr'>LIV-115?</span> 
     </span>
     <span class='ocr_line' id='line_1_2' title="bbox 95 274 835 355; baseline 0.005 -22"><span class='ocrx_word' id='word_1_4' title='bbox 95 292 152 333; x_wconf 82' lang='lat' dir='ltr'>tam</span> <span class='ocrx_word' id='word_1_5' title='bbox 163 277 285 352; x_wconf 67' lang='lat' dir='ltr'>filluciam</span> <span class='ocrx_word' id='word_1_6' title='bbox 295 278 389 352; x_wconf 75' lang='lat' dir='ltr'>¹firlmis</span> <span class='ocrx_word' id='word_1_7' title='bbox 398 276 496 355; x_wconf 75' lang='lat' dir='ltr'>prelo.</span> <span class='ocrx_word' id='word_1_8' title='bbox 535 280 703 337; x_wconf 76' lang='lat' dir='ltr'>HaecGraeoo</span> <span class='ocrx_word' id='word_1_9' title='bbox 714 274 835 337; x_wconf 71' lang='lat' dir='ltr'>samone</span> 
     </span>
     <span class='ocr_line' id='line_1_3' title="bbox 98 356 836 439; baseline 0.003 -23"><span class='ocrx_word' id='word_1_10' title='bbox 98 358 196 423; x_wconf 85' lang='lat' dir='ltr'>Perseo,</span> <span class='ocrx_word' id='word_1_11' title='bbox 218 356 308 418; x_wconf 75' lang='lat' dir='ltr'>latini:</span> <span class='ocrx_word' id='word_1_12' title='bbox 325 361 415 418; x_wconf 89' lang='lat' dir='ltr'>deinde</span> <span class='ocrx_word' id='word_1_13' title='bbox 428 359 492 417; x_wconf 86' lang='lat' dir='ltr'>suis:</span> <span class='ocrx_word' id='word_1_14' title='bbox 515 361 664 439; x_wconf 74' lang='lat' dir='ltr'><em>Exemplum</em></span> <span class='ocrx_word' id='word_1_15' title='bbox 676 358 764 436; x_wconf 57' lang='lat' dir='ltr'>infigm</span> <span class='ocrx_word' id='word_1_16' title='bbox 782 380 836 418; x_wconf 84' lang='lat' dir='ltr'>rer-</span> 
     </span>
     <span class='ocr_line' id='line_1_4' title="bbox 96 440 836 519; baseline 0.007 -24"><span class='ocrx_word' id='word_1_17' title='bbox 96 443 163 504; x_wconf 80' lang='lat' dir='ltr'>nitis‚</span> <span class='ocrx_word' id='word_1_18' title='bbox 179 442 271 519; x_wconf 83' lang='lat' dir='ltr'>inquit,</span> <span class='ocrx_word' id='word_1_19' title='bbox 290 444 434 498; x_wconf 69' lang='lat' dir='ltr'>minationis</span> <span class='ocrx_word' id='word_1_20' title='bbox 456 460 543 499; x_wconf 75' lang='lat' dir='ltr'>remon</span> <span class='ocrx_word' id='word_1_21' title='bbox 564 440 763 499; x_wconf 68' lang='lat' dir='ltr'>humanarum!</span> <span class='ocrx_word' id='word_1_22' title='bbox 789 452 836 500; x_wconf 83' lang='lat' dir='ltr'>Vo-</span> 
     </span>
     <span class='ocr_line' id='line_1_5' title="bbox 96 522 836 605; baseline 0.009 -27"><span class='ocrx_word' id='word_1_23' title='bbox 96 523 133 578; x_wconf 83' lang='lat' dir='ltr'>bis</span> <span class='ocrx_word' id='word_1_24' title='bbox 149 522 192 579; x_wconf 82' lang='lat' dir='ltr'>hoc</span> <span class='ocrx_word' id='word_1_25' title='bbox 210 524 325 600; x_wconf 69' lang='lat' dir='ltr'>precipui</span> <span class='ocrx_word' id='word_1_26' title='bbox 335 526 384 580; x_wconf 84' lang='lat' dir='ltr'>dico</span> <span class='ocrx_word' id='word_1_27' title='bbox 397 526 518 605; x_wconf 73' lang='lat' dir='ltr'>juvenes.</span> <span class='ocrx_word' id='word_1_28' title='bbox 535 524 586 579; x_wconf 78' lang='lat' dir='ltr'>ideo</span> <span class='ocrx_word' id='word_1_29' title='bbox 599 528 625 578; x_wconf 76' lang='lat' dir='ltr'>in</span> <span class='ocrx_word' id='word_1_30' title='bbox 637 523 836 599; x_wconf 78' lang='lat' dir='ltr'>fecimdisrebm</span> 
     </span>
     <span class='ocr_line' id='line_1_6' title="bbox 94 602 835 683; baseline 0.005 -23"><span class='ocrx_word' id='word_1_31' title='bbox 94 602 157 660; x_wconf 82' lang='lat' dir='ltr'>nibil</span> <span class='ocrx_word' id='word_1_32' title='bbox 177 606 202 659; x_wconf 84' lang='lat' dir='ltr'>in</span> <span class='ocrx_word' id='word_1_33' title='bbox 223 624 377 682; x_wconf 75' lang='lat' dir='ltr'>quemquam</span> <span class='ocrx_word' id='word_1_34' title='bbox 396 604 502 683; x_wconf 70' lang='lat' dir='ltr'>superbi</span> <span class='ocrx_word' id='word_1_35' title='bbox 524 625 555 661; x_wconf 84' lang='lat' dir='ltr'>ac</span> <span class='ocrx_word' id='word_1_36' title='bbox 574 605 694 662; x_wconf 79' lang='lat' dir='ltr'>violmier</span> <span class='ocrx_word' id='word_1_37' title='bbox 713 606 835 680; x_wconf 60' lang='lat' dir='ltr'>mrffulm</span> 
     </span>
     <span class='ocr_line' id='line_1_7' title="bbox 94 684 838 767; baseline 0.007 -25"><span class='ocrx_word' id='word_1_38' title='bbox 94 688 169 749; x_wconf 77' lang='lat' dir='ltr'>decer,</span> <span class='ocrx_word' id='word_1_39' title='bbox 197 705 239 741; x_wconf 82' lang='lat' dir='ltr'>nec</span> <span class='ocrx_word' id='word_1_40' title='bbox 258 688 369 763; x_wconf 75' lang='lat' dir='ltr'><em>prasenti</em></span> <span class='ocrx_word' id='word_1_41' title='bbox 387 688 479 744; x_wconf 78' lang='lat' dir='ltr'>eredere</span> <span class='ocrx_word' id='word_1_42' title='bbox 492 684 629 763; x_wconf 54' lang='lat' dir='ltr'>¹fleterna</span> <span class='ocrx_word' id='word_1_43' title='bbox 655 706 747 767; x_wconf 80' lang='lat' dir='ltr'>quum,-</span> <span class='ocrx_word' id='word_1_44' title='bbox 772 690 838 767; x_wconf 74' lang='lat' dir='ltr'>quid</span> 
     </span>
     <span class='ocr_line' id='line_1_8' title="bbox 92 767 832 846; baseline 0.004 -22"><span class='ocrx_word' id='word_1_45' title='bbox 92 769 178 844; x_wconf 75' lang='lat' dir='ltr'>vesper</span> <span class='ocrx_word' id='word_1_46' title='bbox 191 767 274 842; x_wconf 78' lang='lat' dir='ltr'>ferat,</span> <span class='ocrx_word' id='word_1_47' title='bbox 290 772 412 825; x_wconf 78' lang='lat' dir='ltr'>incertum</span> <span class='ocrx_word' id='word_1_48' title='bbox 430 768 475 846; x_wconf 73' lang='lat' dir='ltr'>fit.</span> <span class='ocrx_word' id='word_1_49' title='bbox 497 770 519 823; x_wconf 83' lang='lat' dir='ltr'>is</span> <span class='ocrx_word' id='word_1_50' title='bbox 531 771 633 826; x_wconf 57' lang='lat' dir='ltr'>dmum</span> <span class='ocrx_word' id='word_1_51' title='bbox 650 774 694 827; x_wconf 82' lang='lat' dir='ltr'>vir</span> <span class='ocrx_word' id='word_1_52' title='bbox 710 772 766 834; x_wconf 84' lang='lat' dir='ltr'>m&#39;r,</span> <span class='ocrx_word' id='word_1_53' title='bbox 786 790 832 827; x_wconf 76' lang='lat' dir='ltr'>eu·</span> 
     </span>
     <span class='ocr_line' id='line_1_9' title="bbox 86 849 833 934; baseline 0.005 -29"><span class='ocrx_word' id='word_1_54' title='bbox 86 853 133 927; x_wconf 76' lang='lat' dir='ltr'>jm</span> <span class='ocrx_word' id='word_1_55' title='bbox 151 852 265 906; x_wconf 83' lang='lat' dir='ltr'>animum</span> <span class='ocrx_word' id='word_1_56' title='bbox 283 868 327 908; x_wconf 80' lang='lat' dir='ltr'>nec</span> <span class='ocrx_word' id='word_1_57' title='bbox 340 853 453 934; x_wconf 69' lang='lat' dir='ltr'>prospere</span> <span class='ocrx_word' id='word_1_58' title='bbox 465 849 540 928; x_wconf 71' lang='lat' dir='ltr'>flatu</span> <span class='ocrx_word' id='word_1_59' title='bbox 552 852 603 927; x_wconf 80' lang='lat' dir='ltr'>fua</span> <span class='ocrx_word' id='word_1_60' title='bbox 620 852 709 931; x_wconf 62' lang='lat' dir='ltr'>effre,</span> <span class='ocrx_word' id='word_1_61' title='bbox 726 868 771 907; x_wconf 83' lang='lat' dir='ltr'>nec</span> <span class='ocrx_word' id='word_1_62' title='bbox 784 853 833 909; x_wconf 76' lang='lat' dir='ltr'>ad·</span> 
     </span>
     <span class='ocr_line' id='line_1_10' title="bbox 93 930 832 1008; baseline 0.004 -21"><span class='ocrx_word' id='word_1_63' title='bbox 93 933 167 1007; x_wconf 69' lang='lat' dir='ltr'>veeste</span> <span class='ocrx_word' id='word_1_64' title='bbox 192 930 317 1008; x_wconf 75' lang='lat' dir='ltr'>infringet.</span> <span class='ocrx_word' id='word_1_65' title='bbox 353 932 596 997; x_wconf 74' lang='lat' dir='ltr'>emmliodimim,</span> <span class='ocrx_word' id='word_1_66' title='bbox 613 933 776 990; x_wconf 78' lang='lat' dir='ltr'>mendicum</span> <span class='ocrx_word' id='word_1_67' title='bbox 790 952 832 990; x_wconf 88' lang='lat' dir='ltr'>re-</span> 
     </span>
     <span class='ocr_line' id='line_1_11' title="bbox 93 1013 831 1091; baseline 0.003 -22"><span class='ocrx_word' id='word_1_68' title='bbox 93 1015 133 1091; x_wconf 88' lang='lat' dir='ltr'>gis</span> <span class='ocrx_word' id='word_1_69' title='bbox 146 1014 256 1089; x_wconf 75' lang='lat' dir='ltr'>QAElio</span> <span class='ocrx_word' id='word_1_70' title='bbox 267 1014 412 1074; x_wconf 80' lang='lat' dir='ltr'>mandatur.</span> <span class='ocrx_word' id='word_1_71' title='bbox 437 1019 478 1073; x_wconf 87' lang='lat' dir='ltr'>Eo</span> <span class='ocrx_word' id='word_1_72' title='bbox 490 1015 531 1073; x_wconf 88' lang='lat' dir='ltr'>die</span> <span class='ocrx_word' id='word_1_73' title='bbox 546 1015 707 1073; x_wconf 85' lang='lat' dir='ltr'>&amp;invitatus</span> <span class='ocrx_word' id='word_1_74' title='bbox 719 1013 751 1070; x_wconf 77' lang='lat' dir='ltr'>ad</span> <span class='ocrx_word' id='word_1_75' title='bbox 764 1032 831 1071; x_wconf 92' lang='lat' dir='ltr'>con-</span> 
     </span>
     <span class='ocr_line' id='line_1_12' title="bbox 93 1095 834 1164; baseline 0.005 -12"><span class='ocrx_word' id='word_1_76' title='bbox 93 1095 173 1154; x_wconf 89' lang='lat' dir='ltr'>sulem</span> <span class='ocrx_word' id='word_1_77' title='bbox 189 1095 300 1163; x_wconf 81' lang='lat' dir='ltr'>Perseus,</span> <span class='ocrx_word' id='word_1_78' title='bbox 320 1102 348 1157; x_wconf 73' lang='grc' dir='ltr'>δι</span> <span class='ocrx_word' id='word_1_79' title='bbox 360 1098 424 1155; x_wconf 83' lang='lat' dir='ltr'>alius</span> <span class='ocrx_word' id='word_1_80' title='bbox 436 1098 524 1155; x_wconf 87' lang='lat' dir='ltr'>omnis</span> <span class='ocrx_word' id='word_1_81' title='bbox 540 1095 661 1155; x_wconf 85' lang='lat' dir='ltr'>eihonoa</span> <span class='ocrx_word' id='word_1_82' title='bbox 673 1095 774 1155; x_wconf 88' lang='lat' dir='ltr'>habitus</span> <span class='ocrx_word' id='word_1_83' title='bbox 783 1100 834 1164; x_wconf 67' lang='lat' dir='ltr'>est,</span> 
     </span>
     <span class='ocr_line' id='line_1_13' title="bbox 93 1178 848 1255; baseline 0 -19"><span class='ocrx_word' id='word_1_84' title='bbox 93 1181 137 1255; x_wconf 88' lang='lat' dir='ltr'>qui</span> <span class='ocrx_word' id='word_1_85' title='bbox 151 1178 569 1255; x_wconf 76' lang='lat' dir='ltr'>haberiintalifortunapolerat.</span> <span class='ocrx_word' id='word_1_86' title='bbox 844 1206 848 1213; x_wconf 95' lang='lat'>·</span> 
     </span>
     <span class='ocr_line' id='line_1_14' title="bbox 137 1260 830 1323; baseline 0.001 -4"><span class='ocrx_word' id='word_1_87' title='bbox 137 1264 345 1323; x_wconf 62' lang='lat' dir='ltr'>an‘Exercitus</span> <span class='ocrx_word' id='word_1_88' title='bbox 362 1262 453 1320; x_wconf 88' lang='lat' dir='ltr'>deinde</span> <span class='ocrx_word' id='word_1_89' title='bbox 468 1263 496 1319; x_wconf 90' lang='lat' dir='ltr'>in</span> <span class='ocrx_word' id='word_1_90' title='bbox 512 1260 616 1319; x_wconf 85' lang='lat' dir='ltr'>hiberna</span> <span class='ocrx_word' id='word_1_91' title='bbox 635 1260 753 1319; x_wconf 84' lang='lat' dir='ltr'>dimiffus</span> <span class='ocrx_word' id='word_1_92' title='bbox 772 1264 830 1323; x_wconf 82' lang='lat' dir='ltr'>este</span> 
     </span>
     <span class='ocr_line' id='line_1_15' title="bbox 94 1342 849 1423; baseline 0.007 -23"><span class='ocrx_word' id='word_1_93' title='bbox 94 1345 241 1402; x_wconf 80' lang='lat' dir='ltr'>maximam</span> <span class='ocrx_word' id='word_1_94' title='bbox 258 1360 359 1423; x_wconf 81' lang='lat' dir='ltr'>partem</span> <span class='ocrx_word' id='word_1_95' title='bbox 376 1346 510 1423; x_wconf 80' lang='lat' dir='ltr'>copiamm</span> <span class='ocrx_word' id='word_1_96' title='bbox 529 1342 700 1421; x_wconf 78' lang='lat' dir='ltr'>Amphipolis,</span> <span class='ocrx_word' id='word_1_97' title='bbox 723 1344 849 1423; x_wconf 80' lang='lat' dir='ltr'>reliquaa&#39;</span> 
     </span>
     <span class='ocr_line' id='line_1_16' title="bbox 92 1424 830 1505; baseline 0.004 -23"><span class='ocrx_word' id='word_1_98' title='bbox 92 1428 243 1504; x_wconf 84' lang='lat' dir='ltr'>propinquae</span> <span class='ocrx_word' id='word_1_99' title='bbox 255 1428 328 1485; x_wconf 84' lang='lat' dir='ltr'>urbes</span> <span class='ocrx_word' id='word_1_100' title='bbox 341 1442 501 1505; x_wconf 87' lang='lat' dir='ltr'>acceperunt.</span> <span class='ocrx_word' id='word_1_101' title='bbox 529 1427 580 1487; x_wconf 88' lang='lat' dir='ltr'>l-lic</span> <span class='ocrx_word' id='word_1_102' title='bbox 593 1425 651 1483; x_wconf 89' lang='lat' dir='ltr'>finis</span> <span class='ocrx_word' id='word_1_103' title='bbox 664 1424 729 1491; x_wconf 89' lang='lat' dir='ltr'>belli,</span> <span class='ocrx_word' id='word_1_104' title='bbox 744 1444 830 1504; x_wconf 91' lang='lat' dir='ltr'>quum</span> 
     </span>
     <span class='ocr_line' id='line_1_17' title="bbox 92 1507 830 1581; baseline 0.004 -17"><span class='ocrx_word' id='word_1_105' title='bbox 92 1510 289 1581; x_wconf 81' lang='lat' dir='ltr'>quadriennium</span> <span class='ocrx_word' id='word_1_106' title='bbox 302 1510 458 1565; x_wconf 90' lang='lat' dir='ltr'>continuum</span> <span class='ocrx_word' id='word_1_107' title='bbox 473 1507 594 1565; x_wconf 88' lang='lat' dir='ltr'>bellatum</span> <span class='ocrx_word' id='word_1_108' title='bbox 607 1507 677 1570; x_wconf 83' lang='lat' dir='ltr'>effer,</span> <span class='ocrx_word' id='word_1_109' title='bbox 693 1509 759 1565; x_wconf 87' lang='lat' dir='ltr'>inter</span> <span class='ocrx_word' id='word_1_110' title='bbox 771 1513 830 1567; x_wconf 88' lang='lat' dir='ltr'>Ro-</span> 
     </span>
     <span class='ocr_line' id='line_1_18' title="bbox 93 1587 831 1665; baseline 0.008 -22"><span class='ocrx_word' id='word_1_111' title='bbox 93 1607 185 1645; x_wconf 84' lang='lat' dir='ltr'>manos</span> <span class='ocrx_word' id='word_1_112' title='bbox 198 1608 228 1646; x_wconf 87' lang='lat' dir='ltr'>ac</span> <span class='ocrx_word' id='word_1_113' title='bbox 241 1588 325 1646; x_wconf 78' lang='lat' dir='ltr'>Persea</span> <span class='ocrx_word' id='word_1_114' title='bbox 338 1588 402 1647; x_wconf 81' lang='lat' dir='ltr'>fuit:</span> <span class='ocrx_word' id='word_1_115' title='bbox 422 1590 543 1665; x_wconf 86' lang='lat' dir='ltr'>idemque</span> <span class='ocrx_word' id='word_1_116' title='bbox 555 1589 614 1645; x_wconf 80' lang='lat' dir='ltr'>linis</span> <span class='ocrx_word' id='word_1_117' title='bbox 624 1587 705 1647; x_wconf 87' lang='lat' dir='ltr'>incliti</span> <span class='ocrx_word' id='word_1_118' title='bbox 715 1609 761 1665; x_wconf 88' lang='lat' dir='ltr'>per</span> <span class='ocrx_word' id='word_1_119' title='bbox 774 1595 831 1649; x_wconf 88' lang='lat' dir='ltr'>Eu·</span> 
     </span>
     <span class='ocr_line' id='line_1_19' title="bbox 91 1668 831 1749; baseline 0.005 -26"><span class='ocrx_word' id='word_1_120' title='bbox 91 1689 161 1746; x_wconf 86' lang='lat' dir='ltr'>ropae</span> <span class='ocrx_word' id='word_1_121' title='bbox 171 1668 322 1749; x_wconf 88' lang='lat' dir='ltr'>plerumque</span> <span class='ocrx_word' id='word_1_122' title='bbox 337 1686 414 1747; x_wconf 82' lang='lat' dir='ltr'>atque</span> <span class='ocrx_word' id='word_1_123' title='bbox 431 1671 515 1727; x_wconf 79' lang='lat' dir='ltr'>lrsram</span> <span class='ocrx_word' id='word_1_124' title='bbox 533 1688 643 1729; x_wconf 86' lang='lat' dir='ltr'>omnem</span> <span class='ocrx_word' id='word_1_125' title='bbox 658 1671 741 1747; x_wconf 84' lang='lat' dir='ltr'>regni.</span> <span class='ocrx_word' id='word_1_126' title='bbox 781 1673 831 1727; x_wconf 87' lang='lat' dir='ltr'>Vi-</span> 
     </span>
     <span class='ocr_line' id='line_1_20' title="bbox 91 1751 832 1831; baseline 0.004 -23"><span class='ocrx_word' id='word_1_127' title='bbox 91 1754 215 1809; x_wconf 75' lang='lat' dir='ltr'>cesimum</span> <span class='ocrx_word' id='word_1_128' title='bbox 236 1754 269 1810; x_wconf 89' lang='lat' dir='ltr'>ab</span> <span class='ocrx_word' id='word_1_129' title='bbox 287 1755 396 1818; x_wconf 80' lang='lat' dir='ltr'>Carano,</span> <span class='ocrx_word' id='word_1_130' title='bbox 415 1754 460 1830; x_wconf 89' lang='lat' dir='ltr'>qui</span> <span class='ocrx_word' id='word_1_131' title='bbox 480 1754 581 1830; x_wconf 84' lang='lat' dir='ltr'>primus</span> <span class='ocrx_word' id='word_1_132' title='bbox 597 1754 722 1831; x_wconf 80' lang='lat' dir='ltr'>regnavit,</span> <span class='ocrx_word' id='word_1_133' title='bbox 742 1751 832 1811; x_wconf 83' lang='lat' dir='ltr'>Persea</span> 
     </span>
     <span class='ocr_line' id='line_1_21' title="bbox 93 1832 830 1915; baseline 0.004 -26"><span class='ocrx_word' id='word_1_134' title='bbox 93 1836 269 1894; x_wconf 75' lang='lat' dir='ltr'>numerabant,</span> <span class='ocrx_word' id='word_1_135' title='bbox 309 1835 419 1900; x_wconf 81' lang='lat' dir='ltr'>Perseus,</span> <span class='ocrx_word' id='word_1_136' title='bbox 438 1840 474 1915; x_wconf 86' lang='lat' dir='ltr'>Q</span> <span class='ocrx_word' id='word_1_137' title='bbox 487 1833 586 1898; x_wconf 83' lang='lat' dir='ltr'>Fulvio,</span> <span class='ocrx_word' id='word_1_138' title='bbox 606 1839 639 1893; x_wconf 85' lang='lat' dir='ltr'>L.</span> <span class='ocrx_word' id='word_1_139' title='bbox 651 1832 750 1891; x_wconf 86' lang='lat' dir='ltr'>Manlio</span> <span class='ocrx_word' id='word_1_140' title='bbox 763 1851 830 1892; x_wconf 86' lang='lat' dir='ltr'>con·</span> 
     </span>
     <span class='ocr_line' id='line_1_22' title="bbox 92 1915 829 1998; baseline 0.004 -26"><span class='ocrx_word' id='word_1_141' title='bbox 92 1915 193 1982; x_wconf 77' lang='lat' dir='ltr'>l&#39;ulibus,</span> <span class='ocrx_word' id='word_1_142' title='bbox 213 1938 323 1998; x_wconf 81' lang='lat' dir='ltr'>regnum</span> <span class='ocrx_word' id='word_1_143' title='bbox 339 1918 490 1995; x_wconf 63' lang='lat' dir='ltr'>accepited&#39;</span> <span class='ocrx_word' id='word_1_144' title='bbox 500 1916 587 1976; x_wconf 87' lang='lat' dir='ltr'>senatu</span> <span class='ocrx_word' id='word_1_145' title='bbox 604 1934 649 1975; x_wconf 85' lang='lat' dir='ltr'>rex</span> <span class='ocrx_word' id='word_1_146' title='bbox 666 1917 703 1973; x_wconf 84' lang='lat' dir='ltr'>est</span> <span class='ocrx_word' id='word_1_147' title='bbox 720 1915 829 1991; x_wconf 81' lang='lat' dir='ltr'>appella-</span> 
     </span>
     <span class='ocr_line' id='line_1_23' title="bbox 90 1999 829 2080; baseline 0.004 -27"><span class='ocrx_word' id='word_1_148' title='bbox 90 2013 142 2063; x_wconf 87' lang='lat' dir='ltr'>tus,</span> <span class='ocrx_word' id='word_1_149' title='bbox 167 2004 302 2080; x_wconf 86' lang='lat' dir='ltr'>M.Junio‚</span> <span class='ocrx_word' id='word_1_150' title='bbox 325 1999 829 2076; x_wconf 75' lang='lat' dir='ltr'>A.Man1ioconsulibus:regnavitun-</span> 
     </span>
     <span class='ocr_line' id='line_1_24' title="bbox 92 2079 828 2141; baseline 0.003 -5"><span class='ocrx_word' id='word_1_151' title='bbox 92 2081 176 2141; x_wconf 83' lang='lat' dir='ltr'>decim</span> <span class='ocrx_word' id='word_1_152' title='bbox 190 2102 280 2141; x_wconf 85' lang='lat' dir='ltr'>annos.</span> <span class='ocrx_word' id='word_1_153' title='bbox 321 2084 494 2140; x_wconf 86' lang='lat' dir='ltr'>Macedonum</span> <span class='ocrx_word' id='word_1_154' title='bbox 511 2080 616 2139; x_wconf 82' lang='lat' dir='ltr'>obscura</span> <span class='ocrx_word' id='word_1_155' title='bbox 629 2079 774 2137; x_wconf 80' lang='lat' dir='ltr'>admodum</span> <span class='ocrx_word' id='word_1_156' title='bbox 790 2080 828 2138; x_wconf 87' lang='lat' dir='ltr'>fa-</span> 
     </span>
     <span class='ocr_line' id='line_1_25' title="bbox 93 2161 828 2241; baseline 0.003 -23"><span class='ocrx_word' id='word_1_157' title='bbox 93 2182 136 2220; x_wconf 91' lang='lat' dir='ltr'>ma</span> <span class='ocrx_word' id='word_1_158' title='bbox 150 2166 228 2241; x_wconf 87' lang='lat' dir='ltr'>ulque</span> <span class='ocrx_word' id='word_1_159' title='bbox 241 2166 272 2221; x_wconf 89' lang='lat' dir='ltr'>ad</span> <span class='ocrx_word' id='word_1_160' title='bbox 287 2163 435 2239; x_wconf 85' lang='lat' dir='ltr'>Philippum</span> <span class='ocrx_word' id='word_1_161' title='bbox 451 2166 574 2239; x_wconf 79' lang='lat' dir='ltr'>Amyntae</span> <span class='ocrx_word' id='word_1_162' title='bbox 587 2161 670 2220; x_wconf 86' lang='lat' dir='ltr'>filium</span> <span class='ocrx_word' id='word_1_163' title='bbox 683 2161 748 2221; x_wconf 85' lang='lat' dir='ltr'>fuit:</span> <span class='ocrx_word' id='word_1_164' title='bbox 767 2163 828 2220; x_wconf 85' lang='lat' dir='ltr'>inde</span> 
     </span>
     <span class='ocr_line' id='line_1_26' title="bbox 91 2242 828 2321; baseline 0.003 -21"><span class='ocrx_word' id='word_1_165' title='bbox 91 2264 121 2301; x_wconf 87' lang='lat' dir='ltr'>ae</span> <span class='ocrx_word' id='word_1_166' title='bbox 133 2265 178 2321; x_wconf 88' lang='lat' dir='ltr'>per</span> <span class='ocrx_word' id='word_1_167' title='bbox 193 2264 253 2301; x_wconf 90' lang='lat' dir='ltr'>eum</span> <span class='ocrx_word' id='word_1_168' title='bbox 268 2243 377 2303; x_wconf 85' lang='lat' dir='ltr'>crescere</span> <span class='ocrx_word' id='word_1_169' title='bbox 389 2264 472 2320; x_wconf 91' lang='lat' dir='ltr'>quum</span> <span class='ocrx_word' id='word_1_170' title='bbox 487 2242 612 2320; x_wconf 82' lang='lat' dir='ltr'>coepilset,</span> <span class='ocrx_word' id='word_1_171' title='bbox 635 2242 776 2320; x_wconf 81' lang='lat' dir='ltr'>Europaese</span> <span class='ocrx_word' id='word_1_172' title='bbox 788 2262 828 2303; x_wconf 85' lang='lat' dir='ltr'>ta·</span> 
     </span>
     <span class='ocr_line' id='line_1_27' title="bbox 92 2326 829 2401; baseline -0.001 -18"><span class='ocrx_word' id='word_1_173' title='bbox 92 2346 153 2383; x_wconf 90' lang='lat' dir='ltr'>men</span> <span class='ocrx_word' id='word_1_174' title='bbox 174 2326 268 2384; x_wconf 82' lang='lat' dir='ltr'>finibus</span> <span class='ocrx_word' id='word_1_175' title='bbox 286 2327 434 2389; x_wconf 84' lang='lat' dir='ltr'>continuit;</span> <span class='ocrx_word' id='word_1_176' title='bbox 453 2327 583 2383; x_wconf 84' lang='lat' dir='ltr'>Graeciam</span> <span class='ocrx_word' id='word_1_177' title='bbox 599 2343 710 2383; x_wconf 88' lang='lat' dir='ltr'>omnem</span> <span class='ocrx_word' id='word_1_178' title='bbox 726 2344 755 2382; x_wconf 89' lang='lat' dir='ltr'>ac</span> <span class='ocrx_word' id='word_1_179' title='bbox 769 2344 829 2401; x_wconf 89' lang='lat' dir='ltr'>par·</span> 
     </span>
     <span class='ocr_line' id='line_1_28' title="bbox 90 2406 828 2485; baseline 0.004 -21"><span class='ocrx_word' id='word_1_180' title='bbox 90 2424 145 2465; x_wconf 86' lang='lat' dir='ltr'>tem</span> <span class='ocrx_word' id='word_1_181' title='bbox 166 2409 284 2466; x_wconf 80' lang='lat' dir='ltr'>Thraciae</span> <span class='ocrx_word' id='word_1_182' title='bbox 301 2424 377 2485; x_wconf 86' lang='lat' dir='ltr'>atque</span> <span class='ocrx_word' id='word_1_183' title='bbox 395 2407 488 2483; x_wconf 86' lang='lat' dir='ltr'>Illyrici</span> <span class='ocrx_word' id='word_1_184' title='bbox 505 2406 630 2484; x_wconf 85' lang='lat' dir='ltr'>amplexa.</span> <span class='ocrx_word' id='word_1_185' title='bbox 679 2409 828 2483; x_wconf 85' lang='lat' dir='ltr'>Superfudit</span> 
     </span>
     <span class='ocr_line' id='line_1_29' title="bbox 90 2488 827 2565; baseline 0.001 -19"><span class='ocrx_word' id='word_1_186' title='bbox 90 2492 181 2547; x_wconf 83' lang='lat' dir='ltr'>deinde</span> <span class='ocrx_word' id='word_1_187' title='bbox 202 2489 226 2544; x_wconf 84' lang='lat' dir='ltr'>se</span> <span class='ocrx_word' id='word_1_188' title='bbox 248 2491 275 2545; x_wconf 91' lang='lat' dir='ltr'>in</span> <span class='ocrx_word' id='word_1_189' title='bbox 295 2491 400 2549; x_wconf 77' lang='lat' dir='ltr'>Asiam:</span> <span class='ocrx_word' id='word_1_190' title='bbox 431 2494 459 2548; x_wconf 75' lang='lat' dir='ltr'>dt</span> <span class='ocrx_word' id='word_1_191' title='bbox 478 2490 601 2548; x_wconf 84' lang='lat' dir='ltr'>tredecim</span> <span class='ocrx_word' id='word_1_192' title='bbox 624 2489 706 2554; x_wconf 85' lang='lat' dir='ltr'>annis,</span> <span class='ocrx_word' id='word_1_193' title='bbox 731 2488 827 2565; x_wconf 77' lang='lat' dir='ltr'>quibus</span> 
     </span>
     <span class='ocr_line' id='line_1_30' title="bbox 89 2568 852 2651; baseline -0.003 -23"><span class='ocrx_word' id='word_1_194' title='bbox 89 2572 228 2629; x_wconf 74' lang='lat' dir='ltr'>Alexander</span> <span class='ocrx_word' id='word_1_195' title='bbox 240 2574 365 2651; x_wconf 84' lang='lat' dir='ltr'>regnavit,</span> <span class='ocrx_word' id='word_1_196' title='bbox 386 2569 503 2649; x_wconf 71' lang='lat' dir='ltr'>primum</span> <span class='ocrx_word' id='word_1_197' title='bbox 512 2575 611 2636; x_wconf 87' lang='lat' dir='ltr'>omnia,</span> <span class='ocrx_word' id='word_1_198' title='bbox 631 2571 682 2648; x_wconf 68' lang='lat' dir='ltr'>qud</span> <span class='ocrx_word' id='word_1_199' title='bbox 693 2571 826 2633; x_wconf 81' lang='lat' dir='ltr'>Persarum</span> <span class='ocrx_word' id='word_1_200' title='bbox 849 2568 852 2573; x_wconf 79' lang='grc'><strong>’</strong></span> 
     </span>
     <span class='ocr_line' id='line_1_31' title="bbox 87 2648 827 2732; baseline 0 -23"><span class='ocrx_word' id='word_1_201' title='bbox 87 2673 168 2732; x_wconf 82' lang='lat' dir='ltr'>prope</span> <span class='ocrx_word' id='word_1_202' title='bbox 180 2648 312 2710; x_wconf 87' lang='lat' dir='ltr'>immenlo</span> <span class='ocrx_word' id='word_1_203' title='bbox 323 2652 403 2730; x_wconf 86' lang='lat' dir='ltr'>spatio</span> <span class='ocrx_word' id='word_1_204' title='bbox 416 2655 557 2729; x_wconf 85' lang='lat' dir='ltr'>imperium</span> <span class='ocrx_word' id='word_1_205' title='bbox 573 2655 664 2717; x_wconf 82' lang='lat' dir='ltr'>fuerat,</span> <span class='ocrx_word' id='word_1_206' title='bbox 683 2652 733 2710; x_wconf 81' lang='lat' dir='ltr'>suae</span> <span class='ocrx_word' id='word_1_207' title='bbox 747 2654 827 2711; x_wconf 87' lang='lat' dir='ltr'>ditio·</span> 
     </span>
     <span class='ocr_line' id='line_1_32' title="bbox 89 2732 825 2813; baseline 0.001 -21"><span class='ocrx_word' id='word_1_208' title='bbox 89 2738 129 2792; x_wconf 93' lang='lat' dir='ltr'>nis</span> <span class='ocrx_word' id='word_1_209' title='bbox 147 2736 216 2793; x_wconf 87' lang='lat' dir='ltr'>fecit.</span> <span class='ocrx_word' id='word_1_210' title='bbox 257 2736 349 2794; x_wconf 75' lang='lat' dir='ltr'>Arabas</span> <span class='ocrx_word' id='word_1_211' title='bbox 370 2736 431 2793; x_wconf 91' lang='lat' dir='ltr'>hinc</span> <span class='ocrx_word' id='word_1_212' title='bbox 448 2738 610 2813; x_wconf 79' lang='lat' dir='ltr'>Indiamque,</span> <span class='ocrx_word' id='word_1_213' title='bbox 630 2732 679 2813; x_wconf 66' lang='lat' dir='ltr'>qua</span> <span class='ocrx_word' id='word_1_214' title='bbox 697 2749 825 2793; x_wconf 80' lang='lat' dir='ltr'>terrarum</span> 
     </span>
     <span class='ocr_line' id='line_1_33' title="bbox 88 2818 826 2894; baseline -0.001 -21"><span class='ocrx_word' id='word_1_215' title='bbox 88 2818 194 2875; x_wconf 86' lang='lat' dir='ltr'>ultimus</span> <span class='ocrx_word' id='word_1_216' title='bbox 214 2818 272 2874; x_wconf 85' lang='lat' dir='ltr'>finis</span> <span class='ocrx_word' id='word_1_217' title='bbox 291 2819 412 2877; x_wconf 81' lang='lat' dir='ltr'>Rubrum</span> <span class='ocrx_word' id='word_1_218' title='bbox 429 2836 500 2874; x_wconf 80' lang='lat' dir='ltr'>mam</span> <span class='ocrx_word' id='word_1_219' title='bbox 518 2818 692 2891; x_wconf 69' lang='lat' dir='ltr'>amplestirun</span> <span class='ocrx_word' id='word_1_220' title='bbox 709 2835 826 2894; x_wconf 83' lang='lat' dir='ltr'>peragra-</span> 
     </span>
    </p>
   </div>
   <div class='ocr_carea' id='block_1_2' title="bbox 88 2898 829 3037">
    <p class='ocr_par' dir='ltr' id='par_1_2' title="bbox 88 2898 829 3037">
     <span class='ocr_line' id='line_1_34' title="bbox 88 2898 824 2976; baseline 0.001 -20"><span class='ocrx_word' id='word_1_221' title='bbox 88 2901 133 2960; x_wconf 81' lang='lat' dir='ltr'>rit.</span> <span class='ocrx_word' id='word_1_222' title='bbox 155 2914 214 2959; x_wconf 84' lang='lat' dir='ltr'>tum</span> <span class='ocrx_word' id='word_1_223' title='bbox 228 2904 378 2959; x_wconf 85' lang='lat' dir='ltr'>maximum</span> <span class='ocrx_word' id='word_1_224' title='bbox 396 2901 425 2957; x_wconf 89' lang='lat' dir='ltr'>in</span> <span class='ocrx_word' id='word_1_225' title='bbox 437 2901 510 2960; x_wconf 75' lang='lat' dir='ltr'>teris</span> <span class='ocrx_word' id='word_1_226' title='bbox 523 2898 698 2959; x_wconf 78' lang='lat' dir='ltr'>Macedonum</span> <span class='ocrx_word' id='word_1_227' title='bbox 710 2916 824 2976; x_wconf 86' lang='lat' dir='ltr'>regnum</span> 
     </span>
     <span class='ocr_line' id='line_1_35' title="bbox 394 2998 829 3037; baseline -0.007 1"><span class='ocrx_word' id='word_1_228' title='bbox 394 3010 397 3015; x_wconf 95' lang='lat'>·</span> <span class='ocrx_word' id='word_1_229' title='bbox 713 2998 829 3037; x_wconf 74' lang='lat' dir='ltr'>nomen-</span> 
     </span>
    </p>
   </div>
   <div class='ocr_carea' id='block_1_3' title="bbox 0 0 898 3352">
    <p class='ocr_par' dir='ltr' id='par_1_3' title="bbox 0 0 898 3352">
     <span class='ocr_line' id='line_1_36' title="bbox 0 0 898 3352; baseline 0 2"><span class='ocrx_word' id='word_1_230' title='bbox 0 0 898 3352; x_wconf 95' lang='lat' dir='ltr'> </span> 
     </span>
    </p>
   </div>
  </div>
 </body>
</html>
